<?xml version="1.0" encoding="UTF-8"?>
<!DOCTYPE html PUBLIC "-//W3C//DTD XHTML 1.0 Transitional//EN"
    "http://www.w3.org/TR/xhtml1/DTD/xhtml1-transitional.dtd">
<html xmlns="http://www.w3.org/1999/xhtml" xml:lang="en" lang="en">
 <head>
  <title>
</title>
<meta http-equiv="Content-Type" content="text/html;charset=utf-8" />
  <meta name='ocr-system' content='tesseract 3.04.00' />
  <meta name='ocr-capabilities' content='ocr_page ocr_carea ocr_par ocr_line ocrx_word'/>
</head>
<body>
  <div class='ocr_page' id='page_1' title='image "./thesisphilosoph00lafagoog_0018.png"; bbox 0 0 2738 4532; ppageno 0'>
   <div class='ocr_carea' id='block_1_1' title="bbox 237 246 1362 3863">
    <p class='ocr_par' dir='ltr' id='par_1_1' title="bbox 689 246 874 316">
     <span class='ocr_line' id='line_1_1' title="bbox 689 246 874 316; baseline 0.022 -18"><span class='ocrx_word' id='word_1_1' title='bbox 689 284 725 298; x_wconf 76' lang='grc'><strong>..</strong></span> <span class='ocrx_word' id='word_1_2' title='bbox 762 246 802 316; x_wconf 77' lang='lat'><strong>16</strong></span> <span class='ocrx_word' id='word_1_3' title='bbox 829 288 874 302; x_wconf 77' lang='grc'><strong>.-</strong></span> 
     </span>
    </p>

    <p class='ocr_par' dir='ltr' id='par_1_2' title="bbox 237 377 1276 1992">
     <span class='ocr_line' id='line_1_2' title="bbox 290 377 1273 475; baseline 0.002 -27"><span class='ocrx_word' id='word_1_4' title='bbox 290 395 371 450; x_wconf 89' lang='lat' dir='ltr'><strong>ante</strong></span> <span class='ocrx_word' id='word_1_5' title='bbox 385 402 527 450; x_wconf 89' lang='lat' dir='ltr'><strong>omnem</strong></span> <span class='ocrx_word' id='word_1_6' title='bbox 542 377 730 448; x_wconf 87' lang='lat' dir='ltr'><strong>verborum</strong></span> <span class='ocrx_word' id='word_1_7' title='bbox 747 382 1047 466; x_wconf 87' lang='lat' dir='ltr'><strong>contractionem,</strong></span> <span class='ocrx_word' id='word_1_8' title='bbox 1064 379 1273 475; x_wconf 83' lang='lat' dir='ltr'><strong>priusquam</strong></span> 
     </span>
     <span class='ocr_line' id='line_1_3' title="bbox 291 498 1271 592; baseline 0.001 -27"><span class='ocrx_word' id='word_1_9' title='bbox 291 499 536 568; x_wconf 87' lang='lat' dir='ltr'><strong>invocaremus</strong></span> <span class='ocrx_word' id='word_1_10' title='bbox 551 523 662 592; x_wconf 91' lang='lat' dir='ltr'><strong>genus</strong></span> <span class='ocrx_word' id='word_1_11' title='bbox 675 513 715 580; x_wconf 46' lang='lat' dir='ltr'><strong>et,</strong></span> <span class='ocrx_word' id='word_1_12' title='bbox 726 498 981 585; x_wconf 84' lang='lat' dir='ltr'><strong>differentiam,</strong></span> <span class='ocrx_word' id='word_1_13' title='bbox 1000 499 1271 592; x_wconf 81' lang='lat' dir='ltr'><strong>proposuimus,</strong></span> 
     </span>
     <span class='ocr_line' id='line_1_4' title="bbox 290 613 1274 708; baseline 0.002 -26"><span class='ocrx_word' id='word_1_14' title='bbox 290 615 404 684; x_wconf 90' lang='lat' dir='ltr'><strong>nihilo</strong></span> <span class='ocrx_word' id='word_1_15' title='bbox 423 616 531 708; x_wconf 82' lang='lat' dir='ltr'><strong>magis</strong></span> <span class='ocrx_word' id='word_1_16' title='bbox 550 614 754 684; x_wconf 88' lang='lat' dir='ltr'><strong>mehercule</strong></span> <span class='ocrx_word' id='word_1_17' title='bbox 770 614 962 700; x_wconf 79' lang='lat' dir='ltr'><strong>claudicat,</strong></span> <span class='ocrx_word' id='word_1_18' title='bbox 979 638 1083 708; x_wconf 91' lang='lat' dir='ltr'><strong>quam</strong></span> <span class='ocrx_word' id='word_1_19' title='bbox 1100 613 1179 682; x_wconf 83' lang='lat' dir='ltr'><strong>duae</strong></span> <span class='ocrx_word' id='word_1_20' title='bbox 1191 639 1274 708; x_wconf 90' lang='lat' dir='ltr'><strong>pos·</strong></span> 
     </span>
     <span class='ocr_line' id='line_1_5' title="bbox 291 712 1275 828; baseline 0 -28"><span class='ocrx_word' id='word_1_21' title='bbox 291 735 461 815; x_wconf 84' lang='lat' dir='ltr'><strong>teriores3</strong></span> <span class='ocrx_word' id='word_1_22' title='bbox 487 733 627 826; x_wconf 84' lang='lat' dir='ltr'><strong>longior</strong></span> <span class='ocrx_word' id='word_1_23' title='bbox 651 732 818 828; x_wconf 91' lang='lat' dir='ltr'><strong>quidem,</strong></span> <span class='ocrx_word' id='word_1_24' title='bbox 836 712 912 802; x_wconf 48' lang='lat' dir='ltr'><strong>¹sed</strong></span> <span class='ocrx_word' id='word_1_25' title='bbox 937 731 1167 800; x_wconf 91' lang='lat' dir='ltr'><strong>nihilominus</strong></span> <span class='ocrx_word' id='word_1_26' title='bbox 1191 755 1275 800; x_wconf 89' lang='lat' dir='ltr'><strong>vera</strong></span> 
     </span>
     <span class='ocr_line' id='line_1_6' title="bbox 292 846 1271 946; baseline -0.001 -29"><span class='ocrx_word' id='word_1_27' title='bbox 292 861 328 946; x_wconf 88' lang='lat' dir='ltr'><strong>et</strong></span> <span class='ocrx_word' id='word_1_28' title='bbox 362 861 441 942; x_wconf 91' lang='lat' dir='ltr'><strong>apta</strong></span> <span class='ocrx_word' id='word_1_29' title='bbox 475 862 511 916; x_wconf 90' lang='lat' dir='ltr'><strong>et</strong></span> <span class='ocrx_word' id='word_1_30' title='bbox 547 847 629 917; x_wconf 90' lang='lat' dir='ltr'><strong>ideo</strong></span> <span class='ocrx_word' id='word_1_31' title='bbox 666 847 870 942; x_wconf 88' lang='lat' dir='ltr'><strong>accipienda</strong></span> <span class='ocrx_word' id='word_1_32' title='bbox 899 847 986 916; x_wconf 90' lang='lat' dir='ltr'><strong>mihi</strong></span> <span class='ocrx_word' id='word_1_33' title='bbox 1015 846 1176 928; x_wconf 84' lang='lat' dir='ltr'><strong>videtur3</strong></span> <span class='ocrx_word' id='word_1_34' title='bbox 1212 851 1271 917; x_wconf 91' lang='lat' dir='ltr'><strong>cui</strong></span> 
     </span>
     <span class='ocr_line' id='line_1_7' title="bbox 237 963 1276 1064; baseline 0.001 -32"><span class='ocrx_word' id='word_1_35' title='bbox 237 1051 244 1064; x_wconf 49' lang='lat'><strong>,</strong></span> <span class='ocrx_word' id='word_1_36' title='bbox 291 967 412 1033; x_wconf 91' lang='lat' dir='ltr'><strong>nescio</strong></span> <span class='ocrx_word' id='word_1_37' title='bbox 436 987 544 1056; x_wconf 90' lang='lat' dir='ltr'><strong>quare</strong></span> <span class='ocrx_word' id='word_1_38' title='bbox 568 963 646 1032; x_wconf 86' lang='lat' dir='ltr'><strong>duae</strong></span> <span class='ocrx_word' id='word_1_39' title='bbox 669 966 743 1032; x_wconf 87' lang='lat' dir='ltr'><strong>aliae</strong></span> <span class='ocrx_word' id='word_1_40' title='bbox 766 976 1089 1058; x_wconf 76' lang='lat' dir='ltr'><strong>anteponerentur,</strong></span> <span class='ocrx_word' id='word_1_41' title='bbox 1117 963 1146 1032; x_wconf 92' lang='lat' dir='ltr'><strong>si</strong></span> <span class='ocrx_word' id='word_1_42' title='bbox 1176 965 1276 1033; x_wconf 88' lang='lat' dir='ltr'><strong>nulla</strong></span> 
     </span>
     <span class='ocr_line' id='line_1_8' title="bbox 291 1077 1275 1174; baseline 0.002 -27"><span class='ocrx_word' id='word_1_43' title='bbox 291 1078 444 1148; x_wconf 90' lang='lat' dir='ltr'><strong>habetur</strong></span> <span class='ocrx_word' id='word_1_44' title='bbox 477 1077 551 1171; x_wconf 85' lang='lat' dir='ltr'><strong>ejus</strong></span> <span class='ocrx_word' id='word_1_45' title='bbox 586 1080 817 1174; x_wconf 86' lang='lat' dir='ltr'><strong>longitudinis</strong></span> <span class='ocrx_word' id='word_1_46' title='bbox 847 1081 947 1150; x_wconf 89' lang='lat' dir='ltr'><strong>ratio.</strong></span> <span class='ocrx_word' id='word_1_47' title='bbox 982 1081 1034 1149; x_wconf 82' lang='lat' dir='ltr'><strong>Ex</strong></span> <span class='ocrx_word' id='word_1_48' title='bbox 1063 1079 1132 1148; x_wconf 91' lang='lat' dir='ltr'><strong>hoc</strong></span> <span class='ocrx_word' id='word_1_49' title='bbox 1156 1081 1275 1174; x_wconf 75' lang='lat' dir='ltr'><strong>&#39;igitur</strong></span> 
     </span>
     <span class='ocr_line' id='line_1_9' title="bbox 291 1194 1273 1292; baseline 0 -28"><span class='ocrx_word' id='word_1_50' title='bbox 291 1197 455 1290; x_wconf 85' lang='lat' dir='ltr'><strong>exemplo</strong></span> <span class='ocrx_word' id='word_1_51' title='bbox 481 1199 709 1291; x_wconf 91' lang='lat' dir='ltr'><strong>perspicuum</strong></span> <span class='ocrx_word' id='word_1_52' title='bbox 739 1211 793 1266; x_wconf 89' lang='lat' dir='ltr'><strong>est</strong></span> <span class='ocrx_word' id='word_1_53' title='bbox 821 1220 924 1290; x_wconf 91' lang='lat' dir='ltr'><strong>posse</strong></span> <span class='ocrx_word' id='word_1_54' title='bbox 954 1194 1102 1292; x_wconf 87' lang='lat' dir='ltr'><strong>verbum</strong></span> <span class='ocrx_word' id='word_1_55' title='bbox 1128 1195 1273 1266; x_wconf 83' lang='lat' dir='ltr'><strong>deliniri</strong></span> 
     </span>
     <span class='ocr_line' id='line_1_10' title="bbox 290 1293 1275 1408; baseline 0.002 -28"><span class='ocrx_word' id='word_1_56' title='bbox 290 1328 351 1382; x_wconf 88' lang='lat' dir='ltr'><strong>aut</strong></span> <span class='ocrx_word' id='word_1_57' title='bbox 369 1312 540 1382; x_wconf 89' lang='lat' dir='ltr'><strong>declarari</strong></span> <span class='ocrx_word' id='word_1_58' title='bbox 559 1315 628 1397; x_wconf 88' lang='lat' dir='ltr'><strong>vim</strong></span> <span class='ocrx_word' id='word_1_59' title='bbox 653 1315 806 1383; x_wconf 88' lang='lat' dir='ltr'><strong>nominis</strong></span> <span class='ocrx_word' id='word_1_60' title='bbox 829 1293 1061 1408; x_wconf 84' lang='lat' dir='ltr'><strong>explicatione</strong></span> <span class='ocrx_word' id='word_1_61' title='bbox 1087 1328 1123 1383; x_wconf 90' lang='lat' dir='ltr'><strong>et</strong></span> <span class='ocrx_word' id='word_1_62' title='bbox 1150 1315 1275 1382; x_wconf 88' lang='lat' dir='ltr'><strong>evolu-</strong></span> 
     </span>
     <span class='ocr_line' id='line_1_11' title="bbox 255 1431 1271 1527; baseline 0 -27"><span class='ocrx_word' id='word_1_63' title='bbox 255 1436 258 1442; x_wconf 83' lang='lat'>&#39;</span> <span class='ocrx_word' id='word_1_64' title='bbox 292 1433 387 1500; x_wconf 89' lang='lat' dir='ltr'><strong>tione</strong></span> <span class='ocrx_word' id='word_1_65' title='bbox 407 1433 584 1518; x_wconf 90' lang='lat' dir='ltr'><strong>omnium,</strong></span> <span class='ocrx_word' id='word_1_66' title='bbox 601 1456 681 1527; x_wconf 88' lang='lat' dir='ltr'><strong>quae</strong></span> <span class='ocrx_word' id='word_1_67' title='bbox 694 1433 766 1518; x_wconf 87' lang='lat' dir='ltr'><strong>rei,</strong></span> <span class='ocrx_word' id='word_1_68' title='bbox 787 1434 843 1500; x_wconf 91' lang='lat' dir='ltr'><strong>cui</strong></span> <span class='ocrx_word' id='word_1_69' title='bbox 859 1456 988 1501; x_wconf 91' lang='lat' dir='ltr'><strong>nomen</strong></span> <span class='ocrx_word' id='word_1_70' title='bbox 1007 1431 1077 1501; x_wconf 89' lang='lat' dir='ltr'><strong>hoc</strong></span> <span class='ocrx_word' id='word_1_71' title='bbox 1096 1431 1271 1516; x_wconf 88' lang='lat' dir='ltr'><strong>inditum,</strong></span> 
     </span>
     <span class='ocr_line' id='line_1_12' title="bbox 290 1538 1273 1643; baseline -0.001 -25"><span class='ocrx_word' id='word_1_72' title='bbox 290 1538 433 1634; x_wconf 86' lang='lat' dir='ltr'><strong>insunt,</strong></span> <span class='ocrx_word' id='word_1_73' title='bbox 457 1552 727 1643; x_wconf 84' lang='lat' dir='ltr'><strong>proprietatum.</strong></span> <span class='ocrx_word' id='word_1_74' title='bbox 755 1549 884 1622; x_wconf 85' lang='lat' dir='ltr'><strong>Verum</strong></span> <span class='ocrx_word' id='word_1_75' title='bbox 912 1563 964 1620; x_wconf 91' lang='lat' dir='ltr'><strong>est</strong></span> <span class='ocrx_word' id='word_1_76' title='bbox 991 1551 1098 1643; x_wconf 90' lang='lat' dir='ltr'><strong>igitur</strong></span> <span class='ocrx_word' id='word_1_77' title='bbox 1127 1573 1273 1618; x_wconf 91' lang='lat' dir='ltr'><strong>omnem</strong></span> 
     </span>
     <span class='ocr_line' id='line_1_13' title="bbox 289 1653 1272 1734; baseline 0 0"><span class='ocrx_word' id='word_1_78' title='bbox 289 1664 435 1734; x_wconf 91' lang='lat' dir='ltr'><strong>brevem</strong></span> <span class='ocrx_word' id='word_1_79' title='bbox 467 1653 711 1734; x_wconf 85' lang='lat' dir='ltr'><strong>definitionem</strong></span> <span class='ocrx_word' id='word_1_80' title='bbox 747 1689 823 1734; x_wconf 87' lang='lat' dir='ltr'><strong>esse</strong></span> <span class='ocrx_word' id='word_1_81' title='bbox 855 1663 987 1734; x_wconf 88' lang='lat' dir='ltr'><strong>debere</strong></span> <span class='ocrx_word' id='word_1_82' title='bbox 1022 1663 1272 1734; x_wconf 82' lang='lat' dir='ltr'><strong>definitionem</strong></span> 
     </span>
     <span class='ocr_line' id='line_1_14' title="bbox 291 1780 1273 1876; baseline 0.002 -26"><span class='ocrx_word' id='word_1_83' title='bbox 291 1807 357 1876; x_wconf 91' lang='lat' dir='ltr'><strong>per</strong></span> <span class='ocrx_word' id='word_1_84' title='bbox 375 1805 486 1874; x_wconf 90' lang='lat' dir='ltr'><strong>genus</strong></span> <span class='ocrx_word' id='word_1_85' title='bbox 499 1795 535 1850; x_wconf 86' lang='lat' dir='ltr'><strong>et</strong></span> <span class='ocrx_word' id='word_1_86' title='bbox 548 1780 804 1864; x_wconf 80' lang='lat' dir='ltr'><strong>differentiam3</strong></span> <span class='ocrx_word' id='word_1_87' title='bbox 823 1781 968 1867; x_wconf 82' lang='lat' dir='ltr'><strong>falsum,</strong></span> <span class='ocrx_word' id='word_1_88' title='bbox 988 1805 1132 1850; x_wconf 90' lang='lat' dir='ltr'><strong>omnem</strong></span> <span class='ocrx_word' id='word_1_89' title='bbox 1147 1781 1273 1852; x_wconf 87' lang='lat' dir='ltr'><strong>delini·</strong></span> 
     </span>
     <span class='ocr_line' id='line_1_15' title="bbox 293 1896 1251 1992; baseline 0.003 -26"><span class='ocrx_word' id='word_1_90' title='bbox 293 1899 429 1967; x_wconf 87' lang='lat' dir='ltr'><strong>tionem</strong></span> <span class='ocrx_word' id='word_1_91' title='bbox 453 1911 566 1992; x_wconf 90' lang='lat' dir='ltr'><strong>aptam</strong></span> <span class='ocrx_word' id='word_1_92' title='bbox 587 1911 623 1966; x_wconf 91' lang='lat' dir='ltr'><strong>et</strong></span> <span class='ocrx_word' id='word_1_93' title='bbox 640 1898 861 1991; x_wconf 86' lang='lat' dir='ltr'><strong>perspicuam</strong></span> <span class='ocrx_word' id='word_1_94' title='bbox 880 1897 926 1966; x_wconf 90' lang='lat' dir='ltr'><strong>ita</strong></span> <span class='ocrx_word' id='word_1_95' title='bbox 945 1921 1019 1966; x_wconf 89' lang='lat' dir='ltr'><strong>sese</strong></span> <span class='ocrx_word' id='word_1_96' title='bbox 1038 1896 1251 1970; x_wconf 89' lang='lat' dir='ltr'><strong>habituram.</strong></span> 
     </span>
    </p>

    <p class='ocr_par' dir='ltr' id='par_1_3' title="bbox 289 2012 1362 3863">
     <span class='ocr_line' id='line_1_16' title="bbox 350 2012 1274 2110; baseline 0.002 -28"><span class='ocrx_word' id='word_1_97' title='bbox 350 2013 445 2101; x_wconf 85' lang='lat' dir='ltr'><strong>Quin</strong></span> <span class='ocrx_word' id='word_1_98' title='bbox 471 2016 576 2083; x_wconf 90' lang='lat' dir='ltr'><strong>etiam</strong></span> <span class='ocrx_word' id='word_1_99' title='bbox 604 2012 784 2084; x_wconf 89' lang='lat' dir='ltr'><strong>contendo</strong></span> <span class='ocrx_word' id='word_1_100' title='bbox 812 2039 884 2082; x_wconf 90' lang='lat' dir='ltr'><strong>non</strong></span> <span class='ocrx_word' id='word_1_101' title='bbox 910 2012 1019 2083; x_wconf 91' lang='lat' dir='ltr'><strong>modo</strong></span> <span class='ocrx_word' id='word_1_102' title='bbox 1042 2014 1274 2110; x_wconf 78' lang='lat' dir='ltr'><strong>definitionem</strong></span> 
     </span>
     <span class='ocr_line' id='line_1_17' title="bbox 289 2130 1291 2222; baseline 0 -22"><span class='ocrx_word' id='word_1_103' title='bbox 289 2155 350 2222; x_wconf 81' lang='lat' dir='ltr'><strong>per</strong></span> <span class='ocrx_word' id='word_1_104' title='bbox 372 2135 655 2200; x_wconf 83' lang='lat' dir='ltr'><strong>enrrmerutionem</strong></span> <span class='ocrx_word' id='word_1_105' title='bbox 677 2130 765 2199; x_wconf 92' lang='lat' dir='ltr'><strong>nihil</strong></span> <span class='ocrx_word' id='word_1_106' title='bbox 785 2131 819 2198; x_wconf 92' lang='lat' dir='ltr'><strong>in</strong></span> <span class='ocrx_word' id='word_1_107' title='bbox 840 2155 876 2199; x_wconf 89' lang='lat' dir='ltr'><strong>se</strong></span> <span class='ocrx_word' id='word_1_108' title='bbox 897 2130 1028 2200; x_wconf 89' lang='lat' dir='ltr'><strong>habere</strong></span> <span class='ocrx_word' id='word_1_109' title='bbox 1044 2133 1134 2217; x_wconf 89' lang='lat' dir='ltr'><strong>vitii,</strong></span> <span class='ocrx_word' id='word_1_110' title='bbox 1149 2157 1291 2202; x_wconf 88' lang='lat' dir='ltr'><strong>verum.</strong></span> 
     </span>
     <span class='ocr_line' id='line_1_18' title="bbox 296 2240 1271 2342; baseline 0.002 -26"><span class='ocrx_word' id='word_1_111' title='bbox 296 2249 399 2317; x_wconf 89' lang='lat' dir='ltr'><strong>etiam</strong></span> <span class='ocrx_word' id='word_1_112' title='bbox 419 2249 528 2316; x_wconf 86' lang='lat' dir='ltr'><strong>solam</strong></span> <span class='ocrx_word' id='word_1_113' title='bbox 547 2247 743 2316; x_wconf 85' lang='lat' dir='ltr'><strong>identidem</strong></span> <span class='ocrx_word' id='word_1_114' title='bbox 764 2240 924 2316; x_wconf 85' lang='lat' dir='ltr'><strong>adhiberi</strong></span> <span class='ocrx_word' id='word_1_115' title='bbox 942 2272 1057 2342; x_wconf 83' lang='lat' dir='ltr'><strong>posse.</strong></span> <span class='ocrx_word' id='word_1_116' title='bbox 1080 2247 1157 2319; x_wconf 91' lang='lat' dir='ltr'><strong>Hoc</strong></span> <span class='ocrx_word' id='word_1_117' title='bbox 1176 2253 1271 2318; x_wconf 89' lang='lat' dir='ltr'><strong>enim</strong></span> 
     </span>
     <span class='ocr_line' id='line_1_19' title="bbox 290 2360 1299 2460; baseline 0.004 -29"><span class='ocrx_word' id='word_1_118' title='bbox 290 2365 443 2457; x_wconf 91' lang='lat' dir='ltr'><strong>primum</strong></span> <span class='ocrx_word' id='word_1_119' title='bbox 473 2387 492 2432; x_wconf 88' lang='lat' dir='ltr'><strong>a</strong></span> <span class='ocrx_word' id='word_1_120' title='bbox 511 2360 706 2430; x_wconf 85' lang='lat' dir='ltr'><strong>definiente</strong></span> <span class='ocrx_word' id='word_1_121' title='bbox 731 2363 944 2455; x_wconf 85' lang='lat' dir='ltr'><strong>requiritur,</strong></span> <span class='ocrx_word' id='word_1_122' title='bbox 972 2379 1012 2432; x_wconf 90' lang='lat' dir='ltr'><strong>ut</strong></span> <span class='ocrx_word' id='word_1_123' title='bbox 1034 2365 1139 2458; x_wconf 87' lang='lat' dir='ltr'><strong>plane</strong></span> <span class='ocrx_word' id='word_1_124' title='bbox 1158 2391 1196 2438; x_wconf 89' lang='lat' dir='ltr'><strong>ac</strong></span> <span class='ocrx_word' id='word_1_125' title='bbox 1215 2367 1274 2435; x_wconf 90' lang='lat' dir='ltr'><strong>dr</strong></span> <span class='ocrx_word' id='word_1_126' title='bbox 1296 2455 1299 2460; x_wconf 25' lang='grc' dir='ltr'>Ι</span> 
     </span>
     <span class='ocr_line' id='line_1_20' title="bbox 289 2477 1274 2576; baseline 0.002 -27"><span class='ocrx_word' id='word_1_127' title='bbox 289 2479 408 2550; x_wconf 89' lang='lat' dir='ltr'><strong>lucide</strong></span> <span class='ocrx_word' id='word_1_128' title='bbox 431 2504 505 2549; x_wconf 88' lang='lat' dir='ltr'><strong>rem</strong></span> <span class='ocrx_word' id='word_1_129' title='bbox 532 2477 717 2562; x_wconf 83' lang='lat' dir='ltr'><strong>ostendat3</strong></span> <span class='ocrx_word' id='word_1_130' title='bbox 737 2481 851 2548; x_wconf 88' lang='lat' dir='ltr'><strong>omnis</strong></span> <span class='ocrx_word' id='word_1_131' title='bbox 874 2478 1055 2566; x_wconf 86' lang='lat' dir='ltr'><strong>definitio,</strong></span> <span class='ocrx_word' id='word_1_132' title='bbox 1078 2505 1156 2576; x_wconf 89' lang='lat' dir='ltr'><strong>quae</strong></span> <span class='ocrx_word' id='word_1_133' title='bbox 1175 2497 1274 2552; x_wconf 87' lang='lat' dir='ltr'><strong>caret</strong></span> 
     </span>
     <span class='ocr_line' id='line_1_21' title="bbox 291 2594 1274 2692; baseline 0.003 -27"><span class='ocrx_word' id='word_1_134' title='bbox 291 2597 468 2684; x_wconf 88' lang='lat' dir='ltr'><strong>claritate,</strong></span> <span class='ocrx_word' id='word_1_135' title='bbox 489 2595 630 2665; x_wconf 88' lang='lat' dir='ltr'><strong>aberrat</strong></span> <span class='ocrx_word' id='word_1_136' title='bbox 649 2594 692 2664; x_wconf 90' lang='lat' dir='ltr'><strong>ab</strong></span> <span class='ocrx_word' id='word_1_137' title='bbox 711 2619 774 2680; x_wconf 89' lang='lat' dir='ltr'><strong>eo,</strong></span> <span class='ocrx_word' id='word_1_138' title='bbox 796 2594 895 2689; x_wconf 91' lang='lat' dir='ltr'><strong>quod</strong></span> <span class='ocrx_word' id='word_1_139' title='bbox 913 2595 980 2665; x_wconf 90' lang='lat' dir='ltr'><strong>sibi</strong></span> <span class='ocrx_word' id='word_1_140' title='bbox 1000 2598 1113 2667; x_wconf 89' lang='lat' dir='ltr'><strong>solum</strong></span> <span class='ocrx_word' id='word_1_141' title='bbox 1137 2623 1274 2692; x_wconf 91' lang='lat' dir='ltr'><strong>propo-</strong></span> 
     </span>
     <span class='ocr_line' id='line_1_22' title="bbox 291 2711 1271 2808; baseline 0.002 -26"><span class='ocrx_word' id='word_1_142' title='bbox 291 2714 421 2802; x_wconf 88' lang='lat' dir='ltr'><strong>nebat,</strong></span> <span class='ocrx_word' id='word_1_143' title='bbox 452 2728 494 2784; x_wconf 90' lang='lat' dir='ltr'><strong>ut</strong></span> <span class='ocrx_word' id='word_1_144' title='bbox 524 2739 654 2808; x_wconf 91' lang='lat' dir='ltr'><strong>nempe</strong></span> <span class='ocrx_word' id='word_1_145' title='bbox 686 2712 848 2798; x_wconf 93' lang='lat' dir='ltr'><strong>nomini,</strong></span> <span class='ocrx_word' id='word_1_146' title='bbox 882 2711 1055 2782; x_wconf 91' lang='lat' dir='ltr'><strong>audientis</strong></span> <span class='ocrx_word' id='word_1_147' title='bbox 1086 2717 1271 2784; x_wconf 87' lang='lat' dir='ltr'><strong>intellectu</strong></span> 
     </span>
     <span class='ocr_line' id='line_1_23' title="bbox 292 2827 1271 2925; baseline 0 -25"><span class='ocrx_word' id='word_1_148' title='bbox 292 2829 439 2922; x_wconf 90' lang='lat' dir='ltr'><strong>majori,</strong></span> <span class='ocrx_word' id='word_1_149' title='bbox 467 2831 567 2924; x_wconf 91' lang='lat' dir='ltr'><strong>plura</strong></span> <span class='ocrx_word' id='word_1_150' title='bbox 597 2828 705 2898; x_wconf 89' lang='lat' dir='ltr'><strong>verba</strong></span> <span class='ocrx_word' id='word_1_151' title='bbox 739 2827 782 2896; x_wconf 89' lang='lat' dir='ltr'><strong>ad</strong></span> <span class='ocrx_word' id='word_1_152' title='bbox 812 2827 972 2919; x_wconf 90' lang='lat' dir='ltr'><strong>ejusdem</strong></span> <span class='ocrx_word' id='word_1_153' title='bbox 1002 2831 1271 2925; x_wconf 86' lang='lat' dir='ltr'><strong>intelligentiam</strong></span> 
     </span>
     <span class='ocr_line' id='line_1_24' title="bbox 293 2944 1362 3041; baseline 0 -25"><span class='ocrx_word' id='word_1_154' title='bbox 293 2944 653 3016; x_wconf 87' lang='lat' dir='ltr'><strong>accommodatissima</strong></span> <span class='ocrx_word' id='word_1_155' title='bbox 667 2958 880 3038; x_wconf 88' lang='lat' dir='ltr'><strong>suggereret.</strong></span> <span class='ocrx_word' id='word_1_156' title='bbox 901 2946 990 3014; x_wconf 87' lang='lat' dir='ltr'><strong>Fieri</strong></span> <span class='ocrx_word' id='word_1_157' title='bbox 1006 2960 1121 3016; x_wconf 90' lang='lat' dir='ltr'><strong>autem</strong></span> <span class='ocrx_word' id='word_1_158' title='bbox 1131 2961 1270 3041; x_wconf 87' lang='lat' dir='ltr'><strong>potest,</strong></span> <span class='ocrx_word' id='word_1_159' title='bbox 1361 2947 1362 2952; x_wconf 66' lang='grc'>’</span> 
     </span>
     <span class='ocr_line' id='line_1_25' title="bbox 292 3059 1270 3157; baseline 0 -25"><span class='ocrx_word' id='word_1_160' title='bbox 292 3077 332 3132; x_wconf 91' lang='lat' dir='ltr'><strong>ut</strong></span> <span class='ocrx_word' id='word_1_161' title='bbox 350 3063 414 3134; x_wconf 91' lang='lat' dir='ltr'><strong>tibi</strong></span> <span class='ocrx_word' id='word_1_162' title='bbox 434 3065 479 3133; x_wconf 90' lang='lat' dir='ltr'><strong>sit</strong></span> <span class='ocrx_word' id='word_1_163' title='bbox 501 3059 750 3157; x_wconf 89' lang='lat' dir='ltr'><strong>aperiendum,</strong></span> <span class='ocrx_word' id='word_1_164' title='bbox 770 3085 802 3129; x_wconf 89' lang='lat' dir='ltr'><strong>v.</strong></span> <span class='ocrx_word' id='word_1_165' title='bbox 825 3085 882 3155; x_wconf 90' lang='lat' dir='ltr'><strong>g.,</strong></span> <span class='ocrx_word' id='word_1_166' title='bbox 907 3061 995 3155; x_wconf 94' lang='lat' dir='ltr'><strong>quid</strong></span> <span class='ocrx_word' id='word_1_167' title='bbox 1018 3065 1098 3132; x_wconf 84' lang='lat' dir='ltr'><strong>auri</strong></span> <span class='ocrx_word' id='word_1_168' title='bbox 1122 3065 1270 3133; x_wconf 89' lang='lat' dir='ltr'><strong>nomine</strong></span> 
     </span>
     <span class='ocr_line' id='line_1_26' title="bbox 293 3177 1272 3276; baseline -0.004 -26"><span class='ocrx_word' id='word_1_169' title='bbox 293 3185 428 3276; x_wconf 90' lang='lat' dir='ltr'><strong>signes,</strong></span> <span class='ocrx_word' id='word_1_170' title='bbox 448 3179 770 3274; x_wconf 60' lang='lat' dir='ltr'><strong>apud&#39;hominem,</strong></span> <span class='ocrx_word' id='word_1_171' title='bbox 792 3177 853 3272; x_wconf 81' lang='lat' dir='ltr'><strong>qui</strong></span> <span class='ocrx_word' id='word_1_172' title='bbox 878 3201 949 3247; x_wconf 87' lang='lat' dir='ltr'><strong>non</strong></span> <span class='ocrx_word' id='word_1_173' title='bbox 976 3183 1109 3274; x_wconf 92' lang='lat' dir='ltr'><strong>optime</strong></span> <span class='ocrx_word' id='word_1_174' title='bbox 1136 3180 1272 3264; x_wconf 88' lang='lat' dir='ltr'><strong>noscit,</strong></span> 
     </span>
     <span class='ocr_line' id='line_1_27' title="bbox 294 3295 1270 3390; baseline -0.002 -22"><span class='ocrx_word' id='word_1_175' title='bbox 294 3313 353 3368; x_wconf 93' lang='lat' dir='ltr'><strong>aut</strong></span> <span class='ocrx_word' id='word_1_176' title='bbox 383 3298 504 3366; x_wconf 90' lang='lat' dir='ltr'><strong>saltem</strong></span> <span class='ocrx_word' id='word_1_177' title='bbox 537 3295 604 3364; x_wconf 91' lang='lat' dir='ltr'><strong>sihi</strong></span> <span class='ocrx_word' id='word_1_178' title='bbox 630 3320 724 3365; x_wconf 90' lang='lat' dir='ltr'><strong>nunc</strong></span> <span class='ocrx_word' id='word_1_179' title='bbox 753 3320 825 3364; x_wconf 92' lang='lat' dir='ltr'><strong>non</strong></span> <span class='ocrx_word' id='word_1_180' title='bbox 861 3297 1073 3390; x_wconf 83' lang='lat' dir='ltr'><strong>cogitatione</strong></span> <span class='ocrx_word' id='word_1_181' title='bbox 1099 3295 1201 3390; x_wconf 87' lang='lat' dir='ltr'><strong>lingit</strong></span> <span class='ocrx_word' id='word_1_182' title='bbox 1231 3321 1270 3366; x_wconf 86' lang='lat' dir='ltr'><strong>ac</strong></span> 
     </span>
     <span class='ocr_line' id='line_1_28' title="bbox 293 3413 1272 3510; baseline -0.001 -24"><span class='ocrx_word' id='word_1_183' title='bbox 293 3416 542 3510; x_wconf 90' lang='lat' dir='ltr'><strong>complectitur</strong></span> <span class='ocrx_word' id='word_1_184' title='bbox 558 3438 682 3483; x_wconf 91' lang='lat' dir='ltr'><strong>omnes</strong></span> <span class='ocrx_word' id='word_1_185' title='bbox 696 3413 854 3509; x_wconf 90' lang='lat' dir='ltr'><strong>corporis</strong></span> <span class='ocrx_word' id='word_1_186' title='bbox 869 3428 904 3482; x_wconf 92' lang='lat' dir='ltr'><strong>et</strong></span> <span class='ocrx_word' id='word_1_187' title='bbox 919 3414 1052 3482; x_wconf 91' lang='lat' dir='ltr'><strong>metalli</strong></span> <span class='ocrx_word' id='word_1_188' title='bbox 1066 3414 1272 3505; x_wconf 85' lang='lat' dir='ltr'><strong>nominibus</strong></span> 
     </span>
     <span class='ocr_line' id='line_1_29' title="bbox 290 3511 1271 3627; baseline -0.003 -25"><span class='ocrx_word' id='word_1_189' title='bbox 290 3534 394 3627; x_wconf 87' lang='lat' dir='ltr'><strong>vulgo</strong></span> <span class='ocrx_word' id='word_1_190' title='bbox 420 3532 617 3627; x_wconf 87' lang='lat' dir='ltr'><strong>designatas</strong></span> <span class='ocrx_word' id='word_1_191' title='bbox 643 3531 877 3626; x_wconf 89' lang='lat' dir='ltr'><strong>proprietates</strong></span> <span class='ocrx_word' id='word_1_192' title='bbox 899 3555 908 3598; x_wconf 73' lang='grc' dir='ltr'><strong>ε</strong></span> <span class='ocrx_word' id='word_1_193' title='bbox 930 3544 1005 3598; x_wconf 91' lang='lat' dir='ltr'><strong>tum</strong></span> <span class='ocrx_word' id='word_1_194' title='bbox 1023 3551 1107 3598; x_wconf 91' lang='lat' dir='ltr'><strong>vero</strong></span> <span class='ocrx_word' id='word_1_195' title='bbox 1125 3511 1271 3599; x_wconf 81' lang='lat' dir='ltr'><strong>necesse</strong></span> 
     </span>
     <span class='ocr_line' id='line_1_30' title="bbox 292 3643 1272 3740; baseline -0.009 -19"><span class='ocrx_word' id='word_1_196' title='bbox 292 3664 343 3721; x_wconf 93' lang='lat' dir='ltr'><strong>est</strong></span> <span class='ocrx_word' id='word_1_197' title='bbox 361 3651 406 3718; x_wconf 89' lang='lat' dir='ltr'><strong>sit</strong></span> <span class='ocrx_word' id='word_1_198' title='bbox 426 3647 640 3740; x_wconf 88' lang='lat' dir='ltr'><strong>alterumde</strong></span> <span class='ocrx_word' id='word_1_199' title='bbox 659 3646 819 3729; x_wconf 91' lang='lat' dir='ltr'><strong>duobus;</strong></span> <span class='ocrx_word' id='word_1_200' title='bbox 839 3660 878 3716; x_wconf 95' lang='lat' dir='ltr'><strong>ut</strong></span> <span class='ocrx_word' id='word_1_201' title='bbox 897 3659 957 3713; x_wconf 88' lang='lat' dir='ltr'><strong>aut</strong></span> <span class='ocrx_word' id='word_1_202' title='bbox 975 3645 1170 3714; x_wconf 90' lang='lat' dir='ltr'><strong>claritatem</strong></span> <span class='ocrx_word' id='word_1_203' title='bbox 1185 3643 1272 3733; x_wconf 88' lang='lat' dir='ltr'><strong>abji-</strong></span> 
     </span>
     <span class='ocr_line' id='line_1_31' title="bbox 291 3760 1269 3863; baseline -0.006 -26"><span class='ocrx_word' id='word_1_204' title='bbox 291 3770 377 3854; x_wconf 89' lang='lat' dir='ltr'><strong>cias,</strong></span> <span class='ocrx_word' id='word_1_205' title='bbox 390 3766 546 3838; x_wconf 86' lang='lat' dir='ltr'><strong>adhibita</strong></span> <span class='ocrx_word' id='word_1_206' title='bbox 556 3791 620 3863; x_wconf 89' lang='lat' dir='ltr'><strong>per</strong></span> <span class='ocrx_word' id='word_1_207' title='bbox 631 3779 785 3860; x_wconf 86' lang='lat' dir='ltr'><strong>genuset</strong></span> <span class='ocrx_word' id='word_1_208' title='bbox 796 3761 1030 3838; x_wconf 79' lang='lat' dir='ltr'><strong>differentiam</strong></span> <span class='ocrx_word' id='word_1_209' title='bbox 1045 3760 1269 3850; x_wconf 86' lang='lat' dir='ltr'><strong>definitione,</strong></span> 
     </span>
    </p>
   </div>
   <div class='ocr_carea' id='block_1_2' title="bbox 0 0 1376 4532">
    <p class='ocr_par' dir='ltr' id='par_1_4' title="bbox 0 0 1376 4532">
     <span class='ocr_line' id='line_1_32' title="bbox 0 0 1376 4532; baseline 0 0"><span class='ocrx_word' id='word_1_210' title='bbox 0 0 1376 4532; x_wconf 95' lang='lat' dir='ltr'><strong> </strong></span> 
     </span>
    </p>
   </div>
  </div>
 </body>
</html>
