2738 4532
261 431 468 524 defim'tt‘unis
488 431 632 501 verbum
650 437 792 526 proprie
810 431 992 528 signifieat.
1015 432 1115 505 Unde
1135 436 1238 504 etiam

263 552 345 618 sotis
360 563 412 618 est
427 533 552 620 clarius
566 539 658 638 luce,
670 551 914 622 definitionem
928 577 992 646 per
1004 555 1241 623 enumeratio·

263 664 365 754 nem²,
383 667 482 758 cujus
496 670 530 735 in
548 669 664 737 iocum
676 669 856 740 substituit
873 669 1038 740 humente
1052 672 1181 740 mentis
1191 672 1241 738 in·

263 783 396 853 dustria
410 783 655 854 definitionem
671 810 735 879 per
753 811 863 880 genus
881 800 916 856 et
932 811 996 881 per
1008 786 1240 858 differentiam

262 886 480 997 proximam,
502 925 667 994 quaeque
686 887 806 973 tamen
829 907 985 975 revocari
1008 903 1141 986 debet,
1168 927 1241 972 non

263 1017 412 1087 cadente
432 1017 497 1086 sub
519 1020 785 1113 intelligentiam
805 1044 870 1115 per
887 1044 997 1116 genus
1017 1033 1052 1088 et
1070 1019 1241 1090 differen-

263 1137 347 1204 tiam
373 1133 604 1220 definitione,
628 1161 701 1205 nun
728 1161 802 1208 esse
825 1136 1071 1206 definitionem
1096 1138 1240 1231 proprie

264 1251 415 1337 dictam,
446 1265 554 1348 atque
592 1252 654 1322 has
691 1253 757 1323 sibi
786 1254 962 1324 vindicare
997 1267 1135 1347 partes,
1168 1278 1240 1323 uon

264 1369 373 1438 modo
400 1384 438 1440 ut
468 1394 541 1438 rem
575 1395 602 1438 a
623 1373 757 1440 caeteris
784 1371 961 1465 sejungat,
983 1395 1104 1441 rerum
1122 1373 1242 1464 potius

264 1499 304 1553 ut
327 1509 432 1578 quum
460 1488 609 1554 maxime
643 1486 800 1556 absolute
823 1487 898 1557 {ieri
918 1502 1037 1583 potest
1059 1487 1102 1557 ad
1119 1488 1242 1580 cogni-

266 1603 398 1672 tionem
428 1602 621 1672 trunsserut.
652 1602 753 1673 Unde
782 1605 896 1699 liquet
917 1604 1094 1698 denique,
1112 1593 1243 1672 defini·

267 1719 397 1786 tionem
422 1743 486 1811 per
502 1744 613 1812 genus
634 1735 669 1790 et
693 1722 925 1792 differentium
951 1720 1139 1815 quamdam
1161 1721 1244 1814 qui·

265 1834 369 1920 dem,
402 1835 466 1904 sed
497 1861 681 1924 maneam,
714 1839 776 1908 sed
806 1840 905 1934 quasi
940 1839 1127 1922 mutilam,
1164 1859 1240 1905 esse

264 1953 543 2047 proprietatum,
564 1979 644 2048 quae
673 1956 724 2024 rei
749 1956 892 2042 insunt,
920 1953 1237 2022 enumerationem.

315 2559 408 2646 Quas
432 2559 551 2630 theses
574 2561 618 2630 ad
639 2560 933 2654 disceptationem
958 2560 1135 2654 publicam
1162 2583 1243 2653 pro·

265 2701 383 2774 pone,
406 2678 580 2764 breviter,
605 2693 644 2748 ut
662 2703 743 2748 -mos
766 2693 836 2764 est,
856 2701 1046 2772 excerpere
1073 2691 1109 2745 et
1135 2677 1246 2745 recol·

265 2794 372 2887 ligere
387 2795 421 2860 in
437 2793 532 2862 hunc
547 2793 692 2861 modum
709 2791 794 2860 mihi
810 2792 972 2862 videtur:

314 2909 342 2979 Ι.
373 2908 456 2979 Esse
471 2904 592 3003 reapse
610 2907 854 2978 definitionem
869 2908 1069 3001 quamlibet
1083 2909 1243 3004 proprie-

266 3041 398 3113 tatum,
419 3050 499 3119 quae
529 3026 579 3093 rei
602 3023 814 3093 definiendae
843 3025 980 3110 iusuut,
1006 3027 1244 3094 enumeratio-

266 3169 369 3227 nem,
401 3144 484 3212 licet
514 3167 532 3210 a
558 3140 831 3226 definientibus,
864 3156 903 3210 ut
932 3143 1007 3212 haec
1039 3143 1241 3226 brevietur,

267 3259 427 3330 adhiberi
450 3261 585 3328 soleant
603 3281 739 3352 genuS,
759 3260 811 3328 vel
833 3272 1031 3345 remotum,
1051 3259 1104 3328 rel
1123 3257 1244 3351 proxi-

266 3403 382 3463 mum,
403 3389 438 3446 et
452 3374 647 3444 differentia
659 3430 668 3462 ,
687 3376 740 3446 vel
758 3376 907 3470 plurimu
926 3389 985 3443 aut
1003 3388 1140 3444 remota
1152 3427 1162 3461 ,
1182 3373 1238 3443 vel

265 3497 443 3591 proxima3

314 3611 360 3681 ΙΙ.
391 3613 470 3682 Nou
485 3635 627 3680 omnem
656 3609 731 3679 fieri
761 3635 827 3680 neu
856 3607 1051 3680 faciendam
1077 3629 1153 3676 esse
1176 3628 1242 3698 per

268 3751 378 3823 genus
396 3741 431 3796 et
445 3727 677 3797 differentiam
697 3724 963 3807 definitionem

316 3845 379 3918 111.
412 3846 489 3918 Non
513 3869 675 3932 omnem,
696 3867 776 3938 quae
802 3840 842 3912 fit
862 3853 926 3937 per
944 3865 1052 3938 genus
1084 3865 1121 3912 ac
1140 3837 1243 3910 diffe-
