2738 4532
669 338 859 385 ...10-

282 478 345 538 na,
366 476 445 547 quae
464 453 498 522 in
523 454 635 546 prima
660 450 868 522 delinitione
895 467 975 545 post
1000 455 1157 547 priorum
1176 479 1259 525 con·

283 549 492 640 tractionem
515 568 703 640 verborum
732 583 941 662 supersunt,
968 593 1048 662 quae
1073 594 1144 663 que
1169 570 1258 640 illud

281 713 423 782 corpus,
439 711 562 758 aarum
579 687 753 779 intellige,
774 710 792 753 a
811 687 947 756 caeteris
966 685 1259 780 sejunguntejus·

280 805 361 876 dem
381 806 518 902 generis
545 801 672 884 rebus,
699 805 736 870 in
759 801 854 872 hunc
872 802 1017 872 modurn
1039 827 1048 872 τ
1069 827 1192 874 aurum
1209 820 1258 876 est

280 943 411 1011 corpus,
432 921 598 999 solidum,
615 921 762 1000 durum,
783 922 870 1013 quod
885 919 1039 1011 figuram
1055 921 1175 1007 taber,
1191 937 1251 992 etc.

278 1038 364 1110 Mihi
379 1062 503 1132 magua
516 1035 777 1130 comparabitur
789 1024 959 1124 brevitas,
976 1039 1058 1132 quia
1073 1038 1255 1132 quoddam

279 1157 315 1224 in
341 1179 541 1226 sermonem
569 1156 723 1224 intulero
743 1152 910 1240 verbum,
938 1176 1010 1247 quo
1030 1156 1253 1243 recollectae,

279 1284 320 1340 ut
345 1273 392 1341 ita
410 1270 544 1355 dicam,
568 1294 635 1340 nec
657 1268 747 1360 jam,
766 1271 875 1338 veluti
900 1272 1084 1364 superius,
1103 1274 1256 1365 particu-

278 1389 374 1456 latim
401 1411 589 1481 expressae,
620 1387 738 1481 plures
764 1389 799 1454 in
828 1385 1031 1469 delinienda
1060 1413 1098 1456 re
1124 1387 1257 1482 depre-

278 1505 398 1574 hensae
416 1506 648 1599 proprietates
665 1505 866 1572 summatim
887 1504 1152 1599 significantur,
1171 1520 1253 1591 aut,

218 1606 220 1614 ,
279 1622 380 1717 quod
395 1622 490 1692 idem
522 1622 669 1690 omnino
695 1634 818 1707 sonat,
839 1624 1005 1715 quoniam
1033 1625 1253 1718 propositam

277 1765 352 1810 rem
383 1740 427 1809 ad
452 1764 562 1808 unum
593 1762 723 1833 genae,
743 1738 842 1833 quod
870 1764 947 1808 earn
978 1741 1252 1833 complectitur,

276 1856 458 1950 redegero.
788 1839 792 1846 i

325 1973 397 2044 Sed
421 1973 581 2043 nondum
607 1975 773 2068 simplex,
795 1989 968 2069 quantum
992 1972 1068 2044 lieri
1095 1997 1157 2068 par
1174 1987 1251 2060 est,

278 2088 427 2159 efficitur
445 2089 617 2161 delinitio.
641 2090 778 2178 Quibus
796 2093 890 2160 enim
914 2091 984 2160 boc
1011 2115 1162 2184 corpus,
1193 2114 1254 2158 au-

276 2229 356 2271 rum
378 2204 531 2287 scilicet,
560 2228 578 2272 a
609 2207 744 2274 caeteris
774 2201 934 2294 ejusdem
959 2205 1097 2296 generis
1119 2202 1250 2290 rebus,

276 2318 475 2414 discrepare
494 2319 709 2406 declaratur,
729 2322 985 2414 proprietatum
1003 2320 1165 2390 recensio
1182 2343 1249 2390 nos

274 2435 469 2507 diutissime
505 2435 619 2506 adhuc
653 2451 831 2521 moratur,
857 2461 895 2506 ac
921 2435 1132 2530 producitur
1157 2439 1249 2507 ultra
1317 2495 1321 2503 .

275 2577 380 2647 quam
412 2577 555 2646 aequum
586 2566 649 2621 est.
684 2553 781 2622 Nova
809 2555 915 2644 igitur
943 2554 1128 2622 nominum
1160 2579 1250 2624 con-

274 2673 397 2740 tractio
424 2683 460 2738 et
486 2671 585 2764 quasi
618 2669 834 2761 compressio
863 2693 1078 2762 magnopere
1112 2669 1249 2740 deside·

273 2785 392 2855 rauda.
415 2784 526 2870 Quam
543 2785 688 2878 quidem
708 2787 846 2879 assequi
861 2784 1020 2872 dabitur,
1040 2789 1068 2855 si
1087 2788 1132 2873 is,
1152 2787 1247 2880 apud

274 2927 382 2998 quem
401 2925 516 2970 sermo
531 2900 705 2986 babetur,
725 2925 797 2970 non
816 2904 950 2972 nesciat
968 2903 1057 2998 quid
1082 2905 1126 2972 sit
1148 2903 1247 2997 quod

272 3021 443 3090 metullum
464 3031 607 3100 vocant,
638 3029 744 3110 atque
766 3041 845 3086 eum
869 3042 942 3088 non
967 3020 1099 3092 lateant
1122 3045 1247 3090 omnes

272 3137 309 3204 in
350 3136 420 3203 hoc
452 3157 585 3202 nomen
619 3147 804 3203 coarctatae
829 3138 1085 3229 proprietates,
1116 3139 1240 3230 illique

271 3275 367 3320 nunc
399 3264 478 3320 ante
509 3252 637 3320 mentis
667 3252 790 3320 oculos
819 3251 1062 3323 obversentur.
1101 3252 1243 3349 Quippe

272 3393 354 3439 cum
384 3369 514 3438 metalli
539 3367 686 3438 verbum
715 3391 831 3461 corpus
867 3367 1040 3463 significet
1072 3373 1243 3453 solidum,

272 3488 360 3579 quod
388 3485 541 3577 figuram
568 3486 666 3556 labet
696 3487 924 3581 tractantium
949 3489 1067 3556 manui
1093 3488 1243 3568 resistit,

270 3605 417 3684 durum,
435 3605 604 3683 nitidam,
625 3604 712 3685 leue,
731 3603 877 3684 ductile,
895 3605 1011 3673 mullei
1022 3604 1171 3694 patiens,
1190 3604 1244 3697 fu·

270 3724 353 3803 sile,
383 3723 470 3814 quod
501 3723 535 3788 in
561 3720 748 3794 cristallum
776 3723 853 3809 cogi
877 3733 1007 3808 potest,
1035 3719 1097 3789 has
1119 3745 1243 3790 omnes

172 3899 185 3938 3
271 3861 344 3907 uno
374 3836 518 3932 quidem
546 3834 655 3906 verbo
685 3837 900 3931 complectar
934 3839 1167 3934 proprietates
1203 3861 1242 3906 ac
