2730 4526
120 448 271 520 haberet
295 445 462 542 periculi,
491 445 556 514 nisi
581 443 651 512 hoc
669 451 884 536 praeceptum
918 448 1095 531 precepto

119 569 214 638 clere
231 579 269 635 et
284 561 439 633 dilucide
454 559 895 651 definienditemperares.

169 681 231 752 His
249 681 295 750 de
316 677 528 773 quibusdam
558 677 704 771 Logiees
731 675 861 767 regulis
883 671 1000 742 obiter
1026 675 1098 742 ani·

120 798 338 886 madversis,
372 795 417 866 ed
446 795 682 889 quaestionem
713 792 887 877 devenio,
920 791 1096 884 superiori

120 917 292 986 doctrine
311 912 484 983 affinitatis
501 909 753 1002 conjunctione
772 908 989 992 devinctam,
1013 929 1095 1002 quse

121 1056 194 1129 que
212 1032 296 1101 huic
313 1031 543 1125 disputationi
561 1027 668 1098 finem
686 1030 861 1121 imponet«

169 1147 364 1238 Quaeritur,
397 1171 439 1216 an
459 1145 620 1218 delinitio
650 1167 715 1214 nos
744 1145 780 1212 in
811 1167 929 1212 rerum
961 1152 1094 1210 naturae

121 1267 359 1360 cognitionem
379 1263 555 1333 adducat?
573 1261 661 1348 Quae
679 1259 825 1356 quidem
844 1259 969 1345 rerba,
986 1260 1095 1328 alicu-

118 1385 174 1478 jus
190 1385 242 1452 rei
257 1396 407 1460 rectura,
434 1382 470 1449 ni
501 1380 622 1464 fallor,
643 1377 737 1446 idem
757 1391 885 1446 sonant
902 1377 1002 1472 quod
1020 1377 1095 1468 ejus

119 1499 376 1595 proprietatum
414 1520 563 1566 summa.
604 1495 640 1566 si
668 1493 805 1563 homini
834 1519 941 1589 porro
972 1520 1096 1564 nosce·

121 1629 245 1685 rentur
261 1639 386 1684 ornnes
399 1611 581 1705 cujusdem
599 1615 650 1683 rei
668 1615 925 1709 proprietates,
946 1638 986 1683 ee
1004 1626 1097 1682 esset

119 1730 281 1802 delinitio
299 1757 363 1827 per
375 1733 699 1816 enumerationem,
720 1753 801 1824 quae
813 1729 919 1820 hujus
933 1745 1093 1800 naturam

119 1852 312 1943 explicaret
329 1863 365 1919 et
384 1847 667 1942 cognoscendam
690 1849 869 1935 traderet,
894 1849 964 1917 sive
988 1849 1094 1917 etiam

120 1966 224 2034 nobis
238 1966 338 2034 daret
354 1966 546 2060 perlectam
566 1968 615 2036 rei
637 1968 833 2036 scientiam.
856 1967 929 2037 Sed
947 1991 992 2036 ne
1017 1981 1093 2035 tum

123 2081 268 2177 quidem
304 2084 397 2152 illius
431 2097 589 2152 naturam
623 2108 801 2178 exponere
836 2083 996 2154 definitio
1032 2107 1096 2177 per

121 2223 233 2295 genus
248 2201 448 2293 proximum
466 2202 737 2296 proximamque
752 2199 991 2272 differentiam
1011 2225 1096 2294 pos-

123 2330 194 2399 set3
213 2315 266 2386 fac
282 2318 395 2403 enim,
417 2317 520 2388 nobis
529 2342 604 2388 esse
615 2333 716 2388 notas
731 2343 769 2388 ac
780 2319 884 2412 plane
895 2331 1096 2413 perspectas

44 2423 47 2428 ’
123 2455 245 2520 omnes
260 2433 333 2501 auri
350 2435 604 2528 proprietates,
624 2448 811 2529 postquam
827 2434 1019 2504 dixerimus
1033 2459 1102 2504 au-.

120 2572 198 2616 rum
226 2573 301 2618 esse
332 2550 534 2635 metallum,
567 2563 652 2620 tuno
671 2553 776 2620 etiam
807 2573 913 2621 unam
946 2564 1096 2620 tantum-

121 2662 230 2734 modo
248 2665 419 2736 addemus
437 2665 670 2736 differentiam
689 2669 908 2760 proximam,
939 2682 980 2736 ut
1007 2667 1096 2737 illud

120 2803 139 2846 a
163 2783 298 2850 caeteris
328 2783 479 2850 metallis
508 2781 717 2868 seducatur,
753 2786 924 2879 neglectis
949 2787 1097 2881 perplu-

120 2899 216 2966 rimis
238 2899 313 2966 aliis
331 2897 575 2992 qualitatibus,
596 2923 676 2994 quae
703 2925 775 2970 non
802 2903 837 2970 in
870 2906 991 2972 omnia
1021 2927 1098 2972 me-

121 3014 201 3081 talla
222 3012 375 3100 cadunt,
395 3015 460 3084 sed
482 3017 557 3084 aliae
584 3039 767 3086 unrocum
788 3017 1001 3111 quibusdam
1025 3045 1097 3088 me=

120 3132 209 3198 tellis
233 3127 286 3224 (e.
309 3155 360 3217 c.,
381 3134 431 3200 vis
445 3135 574 3202 nitrato
594 3135 732 3229 liquore
750 3133 901 3231 major),
922 3138 996 3206 aliae
1014 3163 1094 3208 com

80 3265 84 3270 ·
120 3245 332 3340 quibusdam
357 3249 430 3316 aliis
457 3247 506 3342 (v.
522 3273 577 3343 g.,
598 3253 769 3320 maximus
790 3252 922 3347 fulgor,
946 3259 1095 3325 maxime

118 3361 286 3446 densitas,
301 3364 406 3458 ete),
423 3369 650 3436 conveniunt.
668 3368 770 3440 Unde
781 3371 967 3440 manifeste
982 3387 1092 3465 patet,

119 3481 224 3573 vulgo
244 3479 456 3565 adhibitam,
476 3481 513 3550 id
527 3497 581 3552 est
600 3509 664 3579 per
681 3511 790 3580 genus
808 3502 844 3556 et
861 3487 1094 3560 differentiam

118 3593 363 3666 definitionem
392 3596 457 3666 sibi
493 3623 716 3695 proponere,
752 3628 824 3673 non
859 3597 930 3674 tam
972 3620 1011 3676 ut
1045 3612 1094 3678 rei

119 3727 252 3782 naturae
281 3711 637 3810 det-cognitionem,
678 3741 783 3814 quam
807 3736 846 3792 ut
873 3748 946 3792 rem
978 3750 996 3794 a
1025 3751 1095 3798 cee-

119 3833 202 3908 teris
230 3829 336 3902 rebus
362 3833 686 3910 circumscribendo
715 3840 958 3925 discriminet;
994 3845 1094 3941 quod
