2738 4532
144 478 275 540 assero,
297 452 422 524 additis
440 452 587 546 hujusce
608 457 745 550 generis
763 456 899 525 nomini
913 458 1118 530 nominibus

144 574 414 666 proprietatnm,
434 595 583 664 quarum
600 574 674 641 aliae
687 572 1028 666 remaquibusdam,
1044 577 1117 646 aliae

144 713 226 758 vero
258 713 278 756 a
303 687 514 780 quibusdam
543 691 616 758 aliis
630 741 639 772 ,
664 713 863 784 omnesque
888 691 930 759 ab
955 691 1120 762 omnibus

139 805 293 874 metallis
311 819 514 898 segregant,
537 818 606 874 tarn
631 819 747 891 recte,
769 819 839 875 tam
858 807 1042 876 enucleate
1062 833 1118 876 me

143 919 292 991 delinire
322 935 430 1014 puto,
460 945 566 1014 quam
584 942 695 1016 quum
725 920 960 992 differentiam
986 923 1119 993 induco

143 1039 336 1132 proximam
356 1051 392 1106 et
412 1063 535 1106 aurum
557 1061 633 1108 esse
653 1037 777 1108 ssavum
801 1041 981 1110 metallum
1000 1041 1119 1133 paucis

145 1151 293 1239 affirmo,
315 1179 359 1224 eo
380 1178 519 1249 semper
538 1169 706 1248 exceptu,
725 1181 782 1226 me
801 1157 939 1248 longius
956 1179 1118 1224 sermone

142 1270 319 1364 progredi.
343 1272 420 1342 Non
451 1274 567 1341 minus
598 1270 780 1340 manifeste
812 1285 979 1367 apparet,
1006 1273 1119 1340 inter-

142 1386 228 1456 dum
247 1411 319 1456 non
342 1411 466 1481 posse,
495 1389 561 1456 nisi
579 1389 706 1460 omissa
724 1389 888 1456 claritatis
907 1411 1009 1473 cura,
1030 1385 1120 1455 deti·

142 1503 276 1574 niendo
305 1507 499 1600 proximam
539 1503 649 1574 afferri
681 1502 927 1574 differentiam.
970 1503 1057 1574 Nam
1092 1506 1120 1572 si
1223 1499 1224 1504 ’

144 1622 356 1714 proprietas,
381 1646 411 1692 v.
443 1647 497 1714 g.,
521 1644 592 1715 qua
611 1644 734 1689 aurum
757 1645 775 1690 a
800 1621 936 1688 caeteris
955 1619 1120 1688 omnibus

143 1739 291 1808 metallis
309 1735 541 1833 disjungitur,
561 1739 631 1806 sive
651 1738 756 1805 etiam
779 1736 937 1830 proxima
959 1735 1033 1826 ejus
1051 1734 1120 1804 ‹lif-

142 1854 311 1940 ferentia,
342 1857 378 1924 in
408 1855 478 1924 hoc
508 1855 621 1948 posita
650 1867 767 1940 esset,
796 1850 895 1945 quod
921 1853 1050 1921 nitrato
1077 1853 1121 1918 li-

145 1995 258 2064 quore
280 1970 420 2039 dissolvi
441 1973 586 2065 nequit,
605 1973 759 2042 nesciret
773 1983 889 2038 autem
906 1969 952 2054 is,
974 1971 1118 2062 quicum

144 2088 323 2184 loqueris,
344 2087 431 2183 quid
445 2091 492 2158 ¹sit
509 2091 655 2158 nitratus
670 2089 802 2181 liquor,
818 2110 884 2154 nec
901 2085 983 2156 ideo
998 2087 1121 2153 conci-

143 2207 395 2298 peretanimo,
411 2205 500 2299 quid
516 2205 581 2275 sibi
600 2204 675 2274 haec
689 2204 796 2274 rerba
808 2205 935 2287 velint,
949 2226 1043 2294 posse
1059 2215 1119 2270 aut

143 2343 210 2390 non
237 2343 329 2413 posse
355 2323 482 2417 liquore
511 2326 639 2392 nitrato
669 2323 822 2401 domari,
855 2335 955 2406 tum,
986 2334 1025 2387 ut
1051 2317 1117 2386 sub

143 2440 407 2534 intelligentiam
427 2439 570 2510 caderet
588 2437 769 2522 delinitio,
794 2440 954 2531 proxima
971 2437 1118 2505 omnino

143 2557 304 2648 neglecta
321 2555 535 2640 differentia,
552 2555 655 2640 alias,
675 2579 755 2648 quae
773 2555 973 2624 summatim
994 2577 1116 2622 aurum

143 2673 186 2742 ab
211 2673 376 2744 omnibus
400 2675 476 2743 sine
503 2675 572 2741 ulla
597 2674 804 2763 exceptione
832 2671 980 2738 metallis
999 2671 1119 2738 discri-

142 2792 339 2875 minarent,
359 2793 520 2860 evolvere
538 2800 736 2880 cogeretur.
755 2783 992 2856 Animadverti
1012 2788 1117 2854 etiam

142 2920 279 2999 potest,
310 2905 470 2976 eamdem
503 2904 668 2974 claritatis
703 2927 822 2973 curam
853 2926 991 2971 causam
1018 2927 1116 2987 esse,

143 3046 207 3091 cur
232 3021 341 3092 modo
370 3022 457 3105 hac,
488 3019 596 3093 modo
626 3020 684 3087 illa
713 3019 870 3112 proxira
897 3017 1115 3102 differentia,

142 3153 248 3234 prout
273 3141 362 3209 viros
384 3141 463 3232 plus
487 3139 643 3206 minusve
668 3135 827 3204 doctrina
849 3137 1008 3206 excultos
1035 3137 1120 3204 allo-

144 3259 306 3349 quimur,
336 3259 386 3324 uti
413 3254 617 3324 debeamus

192 3372 337 3467 Aliquid
350 3370 601 3440 delinientibus
616 3372 745 3464 Logice
766 3368 979 3464 praescribit,
996 3369 1115 3461 quod,

141 3493 252 3575 salva,
270 3513 374 3583 qtram
394 3489 442 3556 illi
461 3487 597 3573 debeo,
616 3513 753 3558 summa
766 3487 980 3571 reverentia,
1000 3511 1116 3580 repre-

141 3606 299 3678 hendere
332 3605 486 3676 audebo.
517 3607 708 3702 Postquam
733 3632 798 3702 per
815 3631 925 3700 genus
952 3621 987 3676 et
1013 3606 1116 3676 dille-

142 3725 310 3808 rentiam,
335 3736 369 3792 et
384 3747 446 3817 per
460 3747 569 3817 genus
589 3725 785 3818 proximum
803 3723 1113 3817 differentiamque

143 3841 334 3932 proximam
354 3837 452 3930 jussit
470 3837 617 3910 delinire
628 3893 640 3926 ,
658 3864 722 3910 nos
740 3826 892 3935 graviter
908 3855 944 3910 et
970 3865 1115 3934 magno„
