2738 4532
685 287 851 361 ...6.-

280 429 499 504 conducunt.
518 417 607 498 Cum
628 430 721 498 enim
742 427 837 522 apud
856 450 981 498 omnes
1000 424 1159 519 ejusdem
1173 449 1255 520 gen·

280 551 324 618 tis
342 547 504 616 homines
523 545 619 614 idem
644 559 747 615 sonet
768 571 834 616 vox
858 545 1001 630 eadem,
1022 558 1059 613 et
1074 541 1185 614 verbo
1205 543 1257 614 ei-

279 663 361 732 dem
392 661 516 730 eadem
543 686 599 730 res
623 663 727 756 vulgo
753 661 978 754 subjiciatur,
1010 663 1038 730 si
1065 659 1153 729 mihi
1180 684 1257 728 rem

279 778 561 874 cognoscendam
579 777 716 848 tradere
730 779 895 866 libuerit,
913 805 1043 850 nomen
1059 777 1257 872 proferam,

220 944 222 947 -
280 897 342 992 qui
361 897 461 965 aliter
478 920 551 964 rem
571 898 680 991 ipsam
701 895 869 966 exhibere
889 894 1104 965 debuissem.

327 1011 405 1098 Qua
424 1013 568 1106 quidem
594 1015 729 1082 ratione
749 1027 845 1084 recta
863 1038 902 1082 ac
926 1014 1061 1106 integra
1081 1010 1256 1106 cujusque

281 1130 534 1223 cogitationum
560 1130 792 1226 intelligentia
810 1131 948 1198 caeteris
966 1151 1106 1221 semper
1132 1127 1255 1213 lieret,

282 1249 309 1316 si
328 1271 452 1316 omnes
470 1249 516 1332 ii,
537 1247 750 1340 quibuscum
768 1249 971 1341 loquimur,
992 1271 1047 1316 res
1065 1247 1100 1314 in
1120 1269 1260 1314 sermo-

278 1388 361 1432 nem
387 1363 555 1434 adductas
577 1389 719 1460 semper
735 1363 924 1450 vidissent,
945 1387 1142 1456 omnesque
1161 1386 1260 1431 sem-

278 1505 344 1574 per¹
362 1480 477 1550 eidem
492 1480 601 1550 verbo
620 1479 781 1549 eamdem
800 1503 943 1574 prorsus
955 1481 1024 1550 vim
1044 1479 1254 1549 tribuerent.

280 1596 496 1690 Plerumque
521 1609 636 1664 autem
657 1594 803 1681 accidit,
830 1608 871 1662 ut
891 1595 967 1680 his,
987 1619 1078 1689 quos
1105 1595 1261 1689 alloqui-

277 1736 381 1798 mur,
412 1737 485 1780 non
513 1735 568 1780 res
593 1727 775 1806 comperta
801 1713 932 1799 oculis,
956 1725 992 1781 et
1016 1710 1061 1780 de
1093 1736 1134 1781 ea
1157 1715 1260 1782 notio

277 1851 361 1921 vaga
386 1851 424 1896 ac
447 1828 502 1895 vix
527 1825 691 1895 inchoata
715 1830 779 1908 sit;
807 1827 963 1920 ideoque
987 1829 1157 1915 verbum,
1184 1853 1260 1923 quo

279 1969 355 2012 rem
374 1943 530 2012 indicare
543 1943 727 2030 volumus,
742 1944 810 2012 illis
824 1958 884 2012 aut
897 1945 1044 2015 omnino
1062 1959 1120 2014 aut
1134 1969 1260 2039 magna

281 2073 441 2154 exparte
460 2083 566 2129 sonus
583 2061 679 2129 vocis
695 2057 836 2129 videtur
852 2061 975 2130 inanis.
999 2061 1201 2130 Identidem
1219 2059 1260 2129 fir

281 2179 410 2262 etiam,
429 2189 489 2262 ut,
515 2174 642 2244 eodem
665 2175 802 2260 duabus
825 2175 932 2247 rebus
958 2176 1071 2245 indito
1091 2179 1257 2261 nomine,

281 2319 391 2390 quum
417 2292 507 2362 illud
530 2292 684 2362 dicendo
707 2317 936 2386 usurpamus,
964 2296 1098 2362 nesciat
1116 2293 1259 2363 auditor

280 2426 395 2480 utram
426 2408 620 2504 significare
648 2435 743 2479 nunc
769 2408 873 2478 nobis
900 2411 944 2478 sit
970 2411 1158 2480 inanimo.
1186 2410 1257 2480 Usu

280 2529 439 2622 denique
464 2528 584 2595 venire
605 2529 715 2611 solet,
743 2539 799 2610 ut,
824 2527 870 2595 'de
895 2550 932 2595 re
955 2527 1072 2620 aliqua
1093 2551 1258 2596 sermone

279 2646 373 2712 inter
397 2642 487 2711 duos
508 2641 673 2710 homines
694 2640 959 2723 intercedente,
981 2644 1069 2712 alter
1086 2641 1257 2737 quasdam

280 2773 442 2843 tantum,
465 2759 553 2827 alter
572 2781 655 2858 vero
674 2781 799 2828 omues
823 2758 874 2826 rei
897 2772 1013 2852 partes
1035 2759 1176 2846 viderit,
1202 2760 1257 2828 vel

281 2877 362 2944 alias
388 2876 497 2960 alter,
521 2874 608 2940 alter
634 2874 733 2954 alias3
758 2897 869 2965 quum
894 2889 1010 2944 autem
1037 2876 1163 2945 eodem
1190 2901 1259 2946 no-

279 2993 376 3059 mine
394 2989 599 3082 designetur
620 3010 675 3056 res
696 2988 914 3057 multimodis
932 2993 1100 3085 varioque
1118 2992 1184 3062 sub
1204 3017 1260 3063 as-

279 3121 407 3200 pectu,
437 3118 496 3174 aut
523 3103 565 3172 ab
592 3105 703 3172 altero
730 3105 858 3197 plane,
885 3103 927 3174 ab
948 3107 1057 3177 altero
1074 3110 1258 3199 paululum

280 3223 481 3305 observata,
514 3245 587 3290 non
621 3233 740 3314 potest
766 3224 890 3316 utique
927 3224 963 3290 in
989 3221 1261 3296 eamdem'sen-

281 3339 430 3409 tentiam
457 3337 502 3406 ab
532 3332 702 3430 utroque*
717 3339 827 3430 accipi
854 3335 1002 3428 hujusce
1027 3341 1078 3409 rei
1109 3364 1254 3412 nomeu.

281 3457 347 3528 Hic
362 3455 681 3524 controversiarum
696 3466 733 3522 et
746 3451 1042 3547 disceptationum
1057 3454 1136 3524 fons
1148 3454 1259 3524 uber-

284 3573 405 3640 rimus.

339 3685 420 3775 Quo
449 3686 555 3780 igitur
576 3700 687 3781 pacto
716 3685 857 3756 duobus
886 3687 1093 3760 homiuibus
1125 3690 1258 3784 poterit

282 3805 383 3876 variis
409 3803 445 3872 in
470 3801 525 3872 his
554 3803 823 3876 circumstantiis
853 3806 1079 3901 contingere,
1110 3785 1151 3877 ut
1180 3830 1258 3878 sese
