2730 4526
256 476 342 550 pere
361 448 567 520 adhortatur
585 460 743 541 utquam
762 445 965 515 brevissime
983 441 1226 515 definitionem

257 565 497 640 conficiamus.
521 563 557 636 Si
576 587 667 658 quos
684 561 810 632 habuit
826 563 954 658 Lugioe
972 575 1111 632 autores
1131 577 1228 634 recte

257 685 530 768 intellexissent,
550 704 614 752 cur
630 681 666 750 in
691 679 899 752 delinitione
920 679 1156 749 adhibeantur
1172 706 1231 774 ge·

255 825 323 872 nus
337 814 373 870 et
385 797 601 882 differentia,
617 811 671 885 et,
691 811 863 892 quantum
879 795 954 866 [ieri
967 810 1103 891 potest,
1118 821 1232 891 genus

252 917 440 1012 proximan
451 912 723 1006 differentiaque
737 915 917 1010 proxima,
933 912 1094 1008 prolecto
1110 914 1230 984 aduo-

255 1035 322 1104 bus
339 1055 415 1102 sese
429 1030 680 1102 abstinuissent
696 1032 894 1125 preceptis,
912 1053 1064 1124 quorum
1079 1031 1227 1102 alterum

253 1150 349 1222 idem
369 1151 516 1220 omnino
535 1147 633 1243 quod
648 1149 795 1218 alterum
814 1146 996 1242 significat.

304 1266 399 1338 Illud
416 1267 521 1336 etiam
540 1265 645 1334 tradit
666 1265 794 1359 Logice
812 1279 1049 1361 praeceptum,
1077 1278 1117 1334 ut
1134 1265 1229 1334 clare

254 1408 295 1453 ac
318 1381 435 1454 lucide
454 1379 653 1452 definiatur.
681 1380 788 1468 Quod
819 1407 884 1477 ego
910 1396 1125 1477 praeceptum
1156 1405 1229 1450 ma·

232 1501 314 1594 'gni
348 1501 508 1583 estimo,
541 1512 577 1568 et
610 1523 675 1592 pro
705 1499 792 1568 virili
822 1513 920 1591 parte
951 1498 1152 1570 defendam.
1184 1496 1228 1568 ld

255 1631 373 1685 tamen
399 1615 561 1684 nonnulli
583 1637 879 1707 supervacaneum
898 1613 980 1685 ideo
1001 1614 1226 1706 judicarunt,

257 1731 357 1827 quod
387 1745 456 1800 tam
488 1729 524 1798 in
551 1731 648 1798 omni
674 1753 876 1800 sermonum
903 1754 1031 1823 genere
1059 1755 1166 1824 quam
1192 1735 1227 1800 in

257 1846 464 1916 definitione
488 1846 682 1938 requiritur
702 1845 850 1916 claritas.
878 1845 995 1931 Quum
1013 1870 1098 1916 vero
1116 1872 1158 1916 ea
1184 1849 1230 1917 sit

255 1963 472 2034 delinitionis
498 1975 641 2048 natura,
670 1975 708 2031 ut
738 1961 915 2058 quidquid
941 1975 993 2032 est
1020 1962 1227 2040 obscuri.in

254 2079 437 2150 communi
455 2101 618 2147 sermone
634 2077 825 2167 dilucidet,
841 2081 898 2148 illa
912 2081 1028 2150 minus
1043 2105 1148 2174 quam
1166 2081 1226 2152 hic

258 2197 412 2266 claritate
431 2193 588 2287 indigere
607 2208 736 2288 potest.
757 2193 920 2266 Sermoni
939 2197 1115 2268 interdum
1130 2255 1140 2287 ,
1158 2202 1228 2270 sal-

254 2327 327 2408 tem
356 2312 516 2404 poetico,
546 2311 631 2379 licet
660 2309 794 2404 aliquid
821 2310 1006 2383 admittere
1033 2293 1161 2384 incerti
1190 2329 1228 2386 et

256 2429 466 2528 ambagiosi3
486 2430 601 2498 omnis
619 2441 754 2515 autem,
783 2453 863 2523 quae
889 2429 1105 2502 obscuritate
1124 2431 1226 2501 labo-

255 2543 527 2630 raudefinitio.
546 2545 641 2613 nulla
660 2559 724 2614 est.
743 2545 836 2614 ttihit
856 2548 962 2639 igitur
979 2547 1117 2636 obstat,
1138 2550 1226 2644 quin

257 2662 361 2732 nobis
377 2661 614 2756 praecipiatur,
634 2673 673 2730 ut
689 2661 792 2754 plane
808 2675 844 2730 et
861 2677 980 2757 aperte
995 2663 1226 2751 definiamus3

254 2779 391 2849 sublata
421 2779 515 2847 enim
545 2778 727 2863 claritate,
766 2777 925 2849 definitio
965 2782 1110 2854 tollitur.
1148 2784 1226 2856 lmo

255 2899 361 2966 etiam
395 2895 492 2964 haud
524 2897 618 2988 parvi
653 2895 760 2964 refert
790 2896 1018 2969 definientem
1053 2917 1227 2996 perpetuo

256 3036 504 3097 commonere,
520 3035 591 3080 non
611 3011 771 3081 brevitati
785 3012 976 3082 claritatem
993 3041 1067 3084 esse
1086 3019 1227 3110 postha-

250 3129 428 3211 bendam3
448 3153 650 3222 nunquam,
671 3129 736 3198 nisi
763 3131 901 3200 sinente
920 3132 1099 3219 claritate,
1119 3138 1228 3204 omit-

253 3244 395 3314 tendam
416 3246 669 3339 proprietatum
690 3248 995 3317 enumerationem
1014 3263 1050 3318 et
1064 3251 1226 3322 invocan-

252 3363 337 3433 dum
360 3361 576 3430 delinitionis
598 3386 662 3454 per
689 3387 799 3456 genus
830 3365 1016 3452 auxilium,
1042 3393 1133 3454 nec,
1159 3372 1225 3436 nisi

253 3479 411 3549 claritate
435 3479 624 3564 incolumi,
644 3477 842 3550 definitioni
870 3506 934 3576 per
950 3507 1060 3576 genus
1085 3507 1226 3578 praepo·

254 3594 406 3666 nondam
433 3619 507 3665 esse
526 3594 768 3666 definitionem
794 3621 858 3691 per
883 3623 992 3694 genus
1024 3602 1221 3692 proximum

253 3713 521 3807 proximamque
541 3712 786 3785 differentiam.
822 3717 865 3787 Ut
889 3718 924 3785 in
947 3717 1155 3789 definitione
1184 3719 1227 3788 ad

255 3829 443 3900 bibeantur
466 3855 575 3924 genus
601 3857 639 3905 ac
663 3833 857 3908 differentia
886 3831 1029 3926 jubere,
1065 3837 1227 3913 nonnihil
