2738 4532
133 449 195 510 aut
228 433 470 530 adjumentum
497 449 595 530 petas
627 433 844 509 definitionis
869 460 934 532 per
965 461 1114 512 enume-

135 556 325 639 rationem,
343 577 415 648 qua
424 554 498 624 sola
507 553 572 626 tibi
585 566 748 627 mentem
761 551 981 627 manifestam
997 553 1112 626 iacere

134 671 247 741 liceat.
270 672 315 742 Et
334 671 460 766 aliquis
480 671 510 740 si
526 669 619 743 forte
637 657 732 740 dicat
755 695 765 740 r
790 671 866 741 auri
893 672 1007 764 primo
1034 696 1115 744 ver-

133 785 240 870 bum,
264 787 433 880 advocato
449 810 581 880 genere
594 807 784 881 corporum
800 788 854 860 vel
869 787 1112 874 metallorum,

133 903 322 990 definiam,
350 917 477 997 atque,
504 905 533 976 si
559 915 681 998 postea
707 905 856 974 sentiam
878 903 921 974 ab
946 903 1112 992 audiente
1145 915 1147 920 ’

132 1045 206 1092 non
225 1019 366 1096 easdem
389 1033 540 1097 autnon
563 1033 636 1105 tot,
657 1043 745 1116 quas
759 1034 818 1092 aut
832 1033 921 1116 quot
941 1045 961 1092 a
978 1034 1112 1093 memet

133 1141 230 1236 ipso,
254 1135 360 1230 hujus
378 1140 518 1232 generis
539 1140 675 1211 nomini
701 1139 935 1232 proprietates
960 1137 1110 1232 subjioi,

132 1277 252 1327 rursus
278 1252 445 1327 definiam
464 1257 622 1349 corporis
641 1267 700 1324 aut
722 1253 855 1324 metalli
873 1251 1043 1337 verbum3
1060 1257 1112 1328 sio

132 1370 390 1465 respondebor
411 1369 499 1448 duas
523 1395 589 1466 pro
607 1395 677 1444 una
701 1369 779 1442 fore
797 1368 1052 1458 definitiones,
1074 1384 1112 1442 et

132 1485 394 1561 enumerandas
420 1512 517 1574 esse,
545 1513 656 1583 quum
684 1485 877 1559 definietur
902 1510 1032 1581 corpus
1051 1501 1112 1558 aut

134 1605 330 1688 metallum,
344 1601 485 1676 easdem
496 1604 631 1680 seilicet
644 1605 892 1698 proprietates,
904 1627 986 1698 quae
999 1605 1111 1674 evolvi

132 1743 181 1820 ao‘
191 1719 345 1792 describi
363 1717 590 1806 debuissent,
610 1717 820 1790 definitione
838 1743 903 1814 per
920 1743 1109 1790 enumera-

132 1839 268 1908 tionem
284 1836 328 1906 ab
343 1838 445 1908 initio
458 1839 657 1933 praeposita.
677 1832 731 1910 td
743 1834 989 1908 definitionem
1004 1827 1111 1930 igitur

129 1977 196 2046 per
231 1955 539 2026 enumerationem
571 1954 626 2024 vel
656 1955 768 2026 invito
798 1951 1041 2037 redeundum,
1073 1967 1110 2022 et

130 2069 237 2138 unius
252 2064 468 2142 definitionis
477 2069 557 2140 loco
571 2068 650 2140 duae
664 2068 937 2163 suppeditentur
950 2081 1107 2162 oportet,

132 2182 234 2278 qnod
259 2183 399 2254 confert
426 2205 654 2283 nequaquam
681 2184 864 2274 brevitati,
883 2207 965 2282 qnae
991 2199 1110 2256 tanto÷

128 2324 215 2393 pere
235 2299 472 2396 quaerebatur.
937 2293 941 2300 ⁵

180 2415 287 2502 Quod
299 2441 382 2489 vero
399 2417 445 2488 de
463 2418 671 2492 definitione
687 2445 752 2516 per
765 2445 875 2516 genus
889 2420 990 2508 dico,
1009 2420 1123 2494 idemx

20 2621 23 2628 Ι
129 2535 277 2602 omnino
290 2533 337 2604 de
351 2532 560 2607 definitione
570 2561 636 2634 per
648 2562 760 2633 genus
772 2540 972 2634 proximum
987 2537 1107 2610 dicere

128 2673 272 2744 aequum
284 2663 347 2722 est.
365 2650 450 2722 Haec
464 2665 565 2722 tanto
578 2655 695 2739 iilam,
715 2667 851 2749 quanto
862 2652 1108 2726 iliadefinitio·

128 2788 211 2840 nem
241 2792 306 2861 per
337 2770 671 2855 enumerationem,
699 2769 872 2842 brevitate
903 2771 1107 2854 antecellit;

127 2880 211 2956 inde
237 2907 320 2952 vero
346 2908 443 2971 non,
469 2885 628 2981 aedepol,
660 2889 842 2982 sequitur,
867 2911 1013 2958 omnem
1042 2911 1108 2981 per

127 3021 239 3089 genus
268 2997 513 3072 definitionem
543 3028 647 3099 posse
676 3030 714 3074 ao
741 3003 875 3073 debere
900 3028 966 3097 per
994 3027 1107 3098 genus

127 3115 326 3206 proximum
358 3118 445 3188 beri.
487 3118 649 3190 Nostram
680 3123 776 3190 enim
805 3121 881 3190 anri
911 3119 1105 3190 secundam

127 3229 373 3306 definitionem
386 3237 588 3308 intueamur
605 3251 738 3311 attente
756 3262 765 3308 ι
781 3261 904 3311 aurum
921 3252 969 3308 est
987 3259 1105 3329 corpus

126 3349 270 3420 solidum
278 3402 289 3435 ,
312 3353 458 3433 durum,
480 3357 578 3447 quod
607 3357 772 3426 tractanti
802 3355 921 3424 manui
951 3355 1103 3434 resistit,

125 3468 297 3548 nitidum,
323 3483 381 3538 etc.
398 3495 408 3550 3
432 3493 506 3541 non
532 3471 700 3564 equidem
719 3471 896 3565 perspicio
915 3467 1010 3541 unde
1028 3469 1105 3540 haec

126 3571 312 3670 definitio,
348 3587 382 3657 in
420 3611 491 3684 qna
525 3587 716 3658 adhibetur
750 3610 862 3681 genus
895 3600 1100 3670 remotum,

125 3713 252 3792 peccet
266 3705 394 3796 magis,
421 3730 527 3801 quam
547 3707 666 3790 tertia,
687 3705 979 3798 quaeproximum
993 3725 1104 3797 genus

126 3818 304 3916 eontinet,
332 3822 397 3890 nisi
423 3820 522 3914 quod
543 3822 680 3916 longius
712 3820 929 3916 provehatur
960 3834 997 3888 et
1026 3842 1102 3892 ma-
