2738 4532
654 351 699 365 ..
727 313 748 382 3
778 349 822 366 ..

246 458 294 526 sic
318 449 512 541 dilucidare
531 474 701 518 conamur
729 451 778 518 rei
805 471 957 534 nomen,
977 447 1079 540 cujus
1102 472 1226 520 sensus

246 568 394 640 alterurn
424 568 512 662 fugit
542 593 561 636 e
590 565 839 658 loquentibus,
874 564 1015 660 quodve
1039 590 1057 634 a
1084 564 1225 636 duobus

243 690 280 756 in
307 685 458 755 diversas
485 696 600 778 partes
625 680 852 768 distrahitur,
880 681 1060 776 quoddam
1088 681 1224 752 induci·

244 828 324 873 nnus
349 801 535 893 definiendi
564 823 686 892 genus.
716 798 815 868 Hanc
848 800 954 892 igitur
980 798 1134 890 definitio
1160 801 1220 894 (1)

242 920 457 1014 provinciam
489 917 658 1009 suscipit,
689 917 790 983 utin
821 917 938 984 locum
971 918 1075 984 unius
1104 915 1222 1002 verbi,

241 1059 316 1104 rem
345 1031 534 1126 quamdam
558 1028 806 1124 significantis,
831 1044 867 1100 et
892 1032 1036 1100 minime
1057 1046 1116 1100 aut
1140 1057 1224 1126 per-

242 1175 363 1245 peram
382 1149 574 1231 intellecti,
590 1146 773 1238 complura
790 1146 978 1215 substituat
991 1146 1098 1217 verba
1109 1202 1120 1234 ,
1142 1172 1223 1245 quae

242 1264 348 1357 hujus
373 1267 423 1333 rei
445 1276 562 1358 partes
581 1277 618 1330 et
635 1263 869 1355 proprietates
887 1267 1104 1358 exprimant,
1126 1278 1161 1334 ct
1179 1265 1222 1335 ab

241 1406 302 1466 eo,
320 1382 465 1476 quicum
487 1378 645 1473 loqueris
660 1378 842 1448 manifeste
857 1381 1218 1474 comprehendantur.

240 1497 447 1584 Quaeratur,
476 1521 507 1567 r.
538 1519 594 1588 g.,
614 1493 702 1588 quid
724 1495 819 1588 apud
841 1521 897 1566 me
916 1499 1027 1567 valeat
1053 1500 1111 1568 illa
1130 1523 1220 1584 vox,

240 1617 323 1697 acm
350 1635 492 1698 omncs,
513 1633 621 1705 quas,
648 1615 786 1682 ἀναλύσει
812 1609 926 1697 duce,
957 1614 1136 1686 inhaere
1160 1615 1221 1685 de·

240 1728 416 1825 prehendi
449 1743 584 1823 partes,
615 1728 731 1798 verbis
757 1729 961 1824 explicabo,
988 1729 1105 1799 idest
1134 1732 1222 1824 dafi-

239 1848 356 1932 nium,
370 1859 407 1914 et
420 1847 512 1914 clara
529 1847 787 1941 perspicuaque
805 1845 930 1915 evadet
944 1869 1022 1914 mea
1037 1844 1217 1932 definitio,

191 1983 194 1988 ·
240 1963 267 2030 si
290 1961 447 2031 audienti
469 1986 541 2031 non
568 1986 669 2032 secus
695 1986 733 2031 ac
755 1961 842 2031 mihi
866 1963 1020 2056 liqueat,
1047 1962 1136 2058 quid
1153 1960 1219 2033 sub

240 2077 358 2148 verbis
379 2080 502 2164 lateat,
523 2103 676 2172 quorum
696 2103 763 2172 ope
783 2078 845 2147 has
862 2081 991 2172 signavi
1009 2095 1137 2172 partes.

287 2195 525 2267 Veruntamen
544 2196 620 2264 haec
640 2209 758 2289 aperte
778 2208 814 2263 et
831 2196 1015 2264 enucleate
1035 2195 1123 2290 quid
1151 2222 1220 2267 no-

237 2313 325 2382 mini
353 2314 432 2407 quis
462 2310 624 2402 subjiciat
649 2308 828 2379 indicandi
854 2311 965 2394 ratio,
993 2315 1218 2405 quantumvis

238 2428 408 2521 simplex,
438 2426 482 2496 ad
511 2427 703 2520 simplicius
729 2424 870 2494 dicendi
901 2449 1011 2518 genus
1038 2427 1218 2522 redigatur

238 2555 391 2636 oportet.
414 2541 504 2611 Sunt
522 2543 617 2609 enim
635 2543 765 2634 cuique
783 2542 834 2609 rei
852 2543 1037 2635 permultae
1056 2549 1213 2640 proprie·

237 2671 327 2730 tates
354 2683 393 2728 ac
423 2671 638 2752 potestates,
665 2681 815 2751 quarum
842 2663 1063 2730 enumeratio
1097 2687 1213 2734 moras

237 2777 393 2844 sermoni
411 2799 530 2869 graves
553 2787 589 2843 et
610 2771 852 2844 incommodas
870 2772 1044 2863 injiceret.
1069 2776 1216 2863 Quaera-

236 2906 314 2978 tur,
332 2915 365 2962 v.
387 2916 419 2985 g.
431 2945 442 2977 ,
462 2888 552 2983 quid
575 2892 654 2959 auri
671 2891 815 2958 nomine
837 2893 1030 2982 appellem,
1054 2895 1081 2961 si
1095 2897 1215 2965 omnia

235 3031 373 3093 rerum,
390 3031 471 3101 quae
489 3019 571 3075 sunt
589 3007 662 3074 auri
679 3007 851 3100 propriae,
867 3009 1014 3076 nomina
1029 3013 1213 3081 enuntiare

232 3127 400 3208 selueru,
419 3123 506 3192 mihi
531 3125 634 3216 longa
652 3149 796 3194 omnem
815 3126 905 3193 ultra
925 3126 1070 3195 modum
1099 3131 1214 3221 expli·-

234 3238 343 3309 canda
375 3240 442 3309 erit
466 3237 648 3322 definiti03
675 3240 789 3310 dicam
820 3264 949 3333 nempe
970 3265 980 3310 ε
999 3263 1121 3310 aarum
1146 3267 1213 3314 essa

232 3357 365 3452 aliquid
380 3359 415 3425 in
430 3357 498 3426 loco
509 3358 674 3447 positum,
691 3358 954 3450 impenetrabile,
966 3360 1210 3450 ponderosum,

194 3699 197 3705 ,
272 3639 317 3719 (ι)
335 3641 403 3698 Hoc
422 3639 546 3710 saltem,
571 3639 651 3716 quod
670 3640 890 3718 proponimus,
913 3657 1006 3716 genus
1025 3635 1208 3717 definiendi;

228 3750 336 3800 catera
358 3759 430 3800 vero
458 3758 568 3818 genera
591 3737 729 3800 similiter
756 3737 977 3819 propemodum
1002 3756 1067 3799 sese
1097 3734 1208 3798 hahere

224 3839 448 3921 progrediendo
462 3837 749 3901 demonstrabimus.
