2738 4532
557 356 602 367 ..
631 339 649 409 7
677 354 722 366 ...

151 456 301 525 invicem
323 453 543 547 intelligant?
561 452 753 550 Quomodo
775 453 909 524 scilicet
926 453 977 522 vir
999 453 1126 547 aliquis

150 574 187 639 in
214 571 452 664 cognitionem
481 570 549 654 rei,
582 567 681 660 cujus
708 569 854 662 quidem
880 594 1012 639 nomen
1038 594 1124 664 pro-

150 689 310 773 nuntiat,
331 685 484 754 adducet
502 687 629 769 alium,
650 687 711 778 qui
725 709 802 754 eam
816 709 998 778 nunquam
1013 685 1122 772 vidit,

150 819 209 874 aut
227 807 289 900 qui
314 830 333 874 e
355 803 516 899 pluribus
533 805 636 898 vulgo
655 795 822 895 subiectis
840 802 949 873 verbo
968 806 1125 877 notioni-

148 923 215 993 bus
235 924 330 991 illam
356 938 475 992 mente
498 921 790 1015 comprehendit,
810 921 855 992 de
879 945 948 1016 qua
971 923 1119 990 minime

148 1054 224 1108 tum
244 1042 373 1133 agitur,
394 1052 453 1110 aut
466 1021 533 1133 ¹qui
551 1038 708 1132 donique
726 1040 863 1109 nomini
881 1038 1049 1142 quasdam
1069 1063 1122 1108 so·
1157 1073 1165 1081 ’

148 1156 354 1240 lummodo,
374 1155 459 1224 dum
479 1158 566 1224 alter
579 1178 725 1239 ornnes,
745 1155 800 1222 vel
821 1155 920 1242 alias,
936 1157 1023 1224 alter
1036 1154 1120 1228 dum
1140 1208 1145 1222 ,

147 1275 245 1358 alias,
266 1275 317 1343 rei
335 1287 451 1367 partes
469 1269 664 1365 supponit?
1170 1261 1174 1270 ⁴

193 1389 293 1459 Hanc
311 1391 463 1484 primum
483 1388 678 1480 simplicem
699 1388 856 1481 apprime
872 1385 1122 1458 consentiendi

146 1509 319 1576 rationem
352 1505 545 1576 ineundam
580 1517 703 1572 natura
733 1502 842 1572 docet
870 1526 879 1571 ε
908 1528 983 1571 rem
1010 1505 1121 1596 ipsam

146 1623 333 1707 ostendas,
352 1623 405 1692 fac
424 1620 746 1691 animadvertantur
764 1615 838 1708 ejus
856 1644 967 1713 quum
984 1633 1117 1712 partes,

146 1754 223 1810 tum
242 1743 289 1812 vis
309 1763 347 1810 ac
367 1751 579 1833 potestates,
600 1750 637 1804 et
651 1759 661 1804 a
677 1735 787 1822 illud,
803 1737 910 1805 addas
924 1739 1119 1822 continuo,

145 1882 277 1928 nomen
307 1859 452 1949 impono
478 1855 551 1939 rei,
580 1851 680 1942 cujus
711 1866 748 1920 tu
779 1865 895 1947 partes
922 1854 1121 1948 proprieta-

147 1987 272 2064 tesque
290 1974 364 2064 ipse
390 1971 570 2063 perspicis.
595 1970 639 2039 At
656 1993 729 2038 non
752 1991 876 2039 omnes
899 1993 1009 2063 penes
1033 1994 1118 2054 noS,

145 2085 217 2152 imo
235 2107 355 2177 paucae
374 2081 585 2168 admodum,
610 2097 693 2150 sunt
710 2083 902 2153 observatae
927 2105 1004 2165 res3
1030 2107 1121 2177 qua-

143 2213 291 2296 propter
313 2199 413 2268 istam
439 2199 654 2292 apertissime
673 2221 774 2268 sensa
791 2200 1013 2293 exprimendi
1031 2202 1120 2269 viam

143 2342 221 2388 raro
239 2317 341 2411 sequi
360 2336 557 2409 possumus.

191 2436 345 2528 Dempto
364 2445 481 2502 autem
502 2455 546 2500 eo
564 2431 716 2500 maxime
738 2435 887 2527 simplici
907 2434 995 2528 qnid
1012 2434 1118 2506 verba

142 2567 272 2622 sonent
299 2545 508 2642 explanandi
539 2545 672 2633 modo,
705 2548 895 2642 confugere
930 2550 975 2649 ad
1011 2553 1119 2622 alium

142 2670 243 2754 licet,
275 2669 337 2762 qui
365 2664 407 2734 ab
434 2665 495 2732 illo
520 2664 730 2756 perpaulum
748 2663 883 2751 differt,
907 2669 1029 2760 illique
1050 2669 1117 2738 hoc

141 2797 303 2880 praestat,
324 2783 424 2875 quod
447 2780 521 2848 lere
549 2803 690 2872 semper
706 2792 824 2873 potest
842 2781 1012 2854 adhiberi.
1038 2783 1118 2872 Quo

142 2902 288 2996 quidem
303 2901 354 2969 uti
368 2899 539 2982 solemus,
557 2917 666 2990 quum
681 2911 799 2990 partes
813 2913 850 2968 et
863 2903 1116 2995 proprietates,

143 3041 374 3114 quascunque
400 3039 465 3110 per
485 3021 623 3084 ἀνάλυσιν
648 3019 846 3109 reperimus
868 3019 904 3084 in
929 3042 969 3086 ea
991 3044 1028 3090 re
1041 3069 1051 3103 ‚
1071 3018 1117 3090 dc

140 3135 240 3226 cujus
258 3136 403 3203 nomine
422 3131 628 3226 ambigitur,
643 3131 759 3202 verbis
777 3133 967 3203 evolvimus
982 3149 1018 3204 et
1032 3160 1117 3204 enu-

141 3274 326 3321 meramus.
360 3241 452 3320 ¹Cum
481 3250 668 3320 verisimile
698 3250 744 3318 sit
770 3251 843 3319 aliis
870 3251 976 3320 rebus
1002 3254 1116 3322 inesse

139 3379 256 3462 partes
274 3389 312 3435 ac
330 3368 563 3460 proprietates
580 3365 677 3436 hisce
693 3365 831 3454 affines,
847 3382 883 3437 et
895 3370 930 3436 in
950 3393 1116 3440 sermone

139 3483 320 3556 communi
337 3480 515 3551 vocabulis
532 3485 645 3552 notari
664 3482 849 3570 dilucidis,
870 3484 1000 3578 quibus
1017 3485 1113 3556 idem

126 3605 285 3677 ,omnino
300 3599 401 3698 quod
414 3621 479 3670 nos
499 3600 641 3692 subjicit
660 3601 820 3690 auditor,
840 3603 914 3674 fere
929 3628 1112 3697 nunquam

140 3719 289 3792 dubium
312 3733 382 3806 est,
403 3721 490 3813 quin
514 3719 557 3789 ab
578 3721 659 3806 illo,
684 3719 751 3790 hac
773 3722 954 3816 proposita
971 3745 1115 3791 enume-

140 3840 296 3924 ratione,
316 3836 419 3930 plane
434 3837 680 3929 intelligamur.
698 3835 991 3935 Quotiescunque
1005 3860 1114 3932 porro
