2738 4532
127 484 303 552 divisionis
333 507 462 574 capua,
484 487 693 576 perparvulis
727 481 953 576 foraminibus
981 487 1103 554 intors-

128 601 295 684 tinctum
315 602 404 694 quod
427 600 579 692 figuram
602 602 701 672 lebet
728 603 956 695 troetoutipue
986 601 1103 669 monui

126 719 273 801 resistit,
292 701 416 784 durum
434 730 463 784 et
481 718 643 803 solidum,
663 717 828 800 nitidum,
848 716 933 799 leve,
953 716 1101 802 ductile,

126 833 241 902 mullei
252 834 398 924 potiens,
412 831 527 924 fusile,
543 833 631 926 quod
644 834 678 900 lu
692 832 880 901 cristallum
894 833 970 921 cogi
977 845 1101 922 potest,-

125 949 275 1040 llavum,
291 950 378 1042 quod
390 951 518 1018 uitroto
533 951 660 1043 liquore
678 948 728 1042 (1)
743 949 877 1017 domari
891 949 1023 1042 nequit,
1038 958 1097 1016 eu.

125 1065 254 1133 Nonne
279 1067 386 1158 igitur
410 1067 565 1159 reperire
592 1078 645 1133 est
669 1062 764 1132 unde
793 1062 881 1158 quid
911 1065 1103 1157 simplicius

125 1172 335 1250 sufficiamus
352 1183 388 1249 in
406 1178 555 1272 hujusce
574 1182 691 1249 locum
710 1179 949 1264 delinitionis,
977 1195 1104 1251 caetera

125 1311 250 1382 recta,
269 1297 333 1367 sed
360 1322 378 1365 a
401 1299 582 1369 communi
610 1321 676 1366 usu
708 1295 930 1367 abhorrentis
956 1313 1104 1394 propter

124 1416 323 1484 inusitatam
339 1413 626 1508 longitudinem?

173 1532 238 1600 Fac
263 1555 364 1616 eum,
384 1531 441 1600 cui
471 1532 672 1625 planissime
695 1529 885 1601 ostendere
912 1532 990 1602 volo
1014 1532 1103 1626 qnid

125 1647 197 1714 auri
215 1648 359 1716 nomine
379 1671 607 1742 nuncupem,
627 1671 699 1716 non
714 1650 873 1742 ignarum
894 1673 991 1734 asse,
1013 1645 1102 1742 quid

123 1758 168 1826 sit
191 1757 290 1853 quod
316 1759 456 1854 Physioi
483 1783 600 1852 corpus
623 1761 822 1853 appellant,
842 1774 986 1830 cunctas
1007 1785 1102 1829 com·
1159 1779 1161 1786 ’
1218 1743 1221 1750 “

122 1897 248 1942 munes
280 1875 494 1968 corporibus·
526 1877 684 1969 apprime
718 1877 912 1969 percallere
944 1879 1102 1971 proprie·

123 2003 233 2075 tates,
253 2014 383 2084 easque
410 1992 475 2060 sibi
503 1995 620 2061 animo
647 2017 742 2062 nunc
768 1991 956 2087 effingere,
985 1995 1099 2062 statim

124 2105 229 2174 nobis
260 2104 403 2174 dabitur
431 2106 613 2201 quomodo
646 2111 844 2202 promptior
872 2109 1101 2178 contrahatur

122 2221 306 2312 definitio,
322 2239 358 2293 et
374 2227 637 2319 magis-exiguos
655 2229 746 2295 intra
770 2225 857 2297 fines
876 2229 1101 2296 contineatur

122 2365 267 2428 eorum,
283 2366 363 2437 quae
377 2355 458 2411 sunt
473 2344 545 2410 auri
559 2345 722 2436 propria,
739 2345 971 2413 enumeratio.
991 2345 1096 2427 Nam,

123 2459 184 2553 qui
206 2461 381 2552 primum,
410 2483 532 2528 aurum
558 2482 625 2526 esse
645 2461 777 2552 aliquid
795 2463 882 2554 quod
912 2462 1018 2530 locum
1042 2484 1099 2530 oc·

119 2591 232 2664 crepat,
249 2574 512 2664 impenetrabile,
526 2576 765 2666 ponderosum,
780 2577 957 2645 divisionis
971 2583 1094 2669 capua,

115 2691 328 2784 perparvulis
346 2689 571 2782 statuminibus
600 2693 867 2776 interstinctum,
893 2696 1098 2784 pronuntia-

117 2807 217 2893 bam,
237 2831 332 2876 nunc
347 2831 420 2875 uno
435 2821 569 2874 tantum
589 2804 697 2875 verbo
716 2829 859 2899 possum
874 2805 1018 2894 dicere,
1037 2833 1097 2878 au·

118 2948 195 2992 rum
231 2947 299 2993 esse
328 2945 465 3014 corpus,·
491 2936 546 3009 et,
575 2947 656 2992 cum
684 2921 839 2991 audienti
861 2938 979 3017 pateat
1009 2925 1097 3020 quid

116 3040 230 3110 valeat
252 3039 311 3107 illa
335 3063 399 3107 vox
421 3040 591 3129 corporis,
615 3062 686 3106 non
717 3039 833 3106 minus
858 3040 1097 3132 intelligenter

118 3155 257 3242 audiar,
276 3155 431 3224 secunda
447 3179 553 3250 quam
575 3157 687 3249 prima
704 3156 839 3248 prolata
858 3153 1091 3244 definitione,

116 3295 315 3364 magnaque
335 3286 435 3365 parta
460 3273 527 3341 erit
548 3273 584 3340 in
605 3271 759 3342 dicendo
779 3271 939 3342 brevitas.
972 3269 1093 3344 Dicam

116 3391 223 3483 igitur
246 3411 384 3456 mecum
408 3389 627 3481 colloquenti
650 3386 712 3473 id,
733 3387 831 3482 quod
852 3392 931 3457 ouri
948 3390 1092 3461 nomine

117 3502 408 3599 comprobanda,
429 3529 537 3572 unum
561 3528 636 3573 esse
655 3529 777 3572 eorum
792 3557 807 3587 ,.
823 3529 903 3599 quaa
921 3521 1092 3576 vocantur

116 3645 284 3714 corpora,
304 3633 340 3690 et
358 3618 487 3689 deinde
507 3618 666 3712 adjiciam
689 3610 945 3717 proprietatum
973 3626 1087 3693 nomi«

158 3901 203 3980 (ι)
228 3897 367 3974 Galliae,
390 3900 480 3965 acide
503 3902 644 3984 uitrique.
