2738 4532
152 473 366 558 potestates,
387 457 543 528 audienti
567 460 594 528 si
614 457 747 544 dicam,
766 479 890 526 aurum
908 479 975 525 essa
1003 455 1123 541 metul-

155 583 246 660 lum,
264 589 301 647 et
321 574 432 667 major
452 599 558 670 quam
584 577 620 644 in
646 577 758 668 prima
784 573 1014 669 secundaque
1034 570 1125 642 deli-

155 699 251 766 tione
281 694 432 764 brevitas
458 695 610 777 orietur,
637 692 776 760 tametsi
806 715 878 760 non
907 693 1023 759 minor
1048 715 1125 760 ser-

151 814 267 882 monis
284 810 442 880 manebit
466 811 706 905 perspicuitas.
730 809 809 880 Non
833 809 939 902 igitur
959 807 995 874 in
1013 795 1124 899 genus

152 952 341 1021 corporum
367 929 546 1021 ingeram,
565 939 605 994 ut
632 940 752 1010 antea,
783 949 880 1008 rem,
913 949 1019 1018 quam
1045 923 1125 992 ouri

152 1047 251 1138 signo
269 1045 432 1129 nomine,
456 1043 556 1138 quod
568 1041 636 1134 jam
657 1040 804 1133 hujusce
823 1043 874 1110 rei
895 1040 1030 1115 breviat
1044 1037 1125 1131 qui-

153 1163 233 1233 dem
257 1163 513 1256 proprietatum
532 1161 858 1244 enumerationem,
879 1154 996 1226 sedin
1014 1177 1124 1249 genus

152 1280 375 1349 metallorum
402 1277 645 1360 introducam,
671 1275 766 1344 unde
789 1273 851 1344 fiet
869 1273 1046 1368 prioribus
1060 1270 1126 1341 da-

157 1395 271 1464 finitio
296 1393 466 1463 brevitate
486 1393 730 1487 praestantior3
766 1391 913 1486 posthac
943 1415 1027 1460 vero
1059 1414 1127 1458 no-

92 1522 96 1529 '
126 1516 247 1582 ¹mina
280 1507 462 1602 subjiciam
492 1511 769 1605 proprietatum,
802 1532 888 1602 quas
920 1532 939 1576 e
970 1505 1127 1576 secunda

153 1629 359 1699 delinitione
384 1652 573 1723 excerpere
592 1628 790 1710 omisimuS‚
812 1625 1028 1719 quibusque
1047 1623 1123 1692 haec

155 1748 292 1840 generis
310 1746 534 1815 metallorum
558 1769 637 1838 pars
657 1769 674 1814 a
691 1745 826 1813 caeteris
845 1740 1011 1812 omnibus
1032 1739 1127 1832 ejus-

154 1863 235 1932 dem
252 1863 390 1956 generis
408 1863 603 1930 secernitur
619 1859 787 1954 partibus

201 1978 267 2048 Hic
292 1977 378 2057 mihi
404 2000 593 2070 parumper
606 1989 826 2045 commorata
856 1974 960 2044 liceat
985 1979 1021 2044 in
1048 2002 1127 2046 mo-

154 2093 263 2181 dum,
297 2117 370 2187 quo
401 2093 445 2162 ad
483 2092 736 2188 compendium
767 2091 972 2163 deliniendo
1004 2094 1127 2164 conle-

154 2213 263 2280 rimus
293 2235 412 2280 earum
446 2235 583 2296 rerum,
615 2235 695 2306 quae
725 2213 775 2280 rei
803 2209 1016 2282 definiendae
1045 2226 1127 2281 sunt

151 2329 324 2424 propriae,
351 2331 677 2414 enumerationem,
706 2328 837 2397 diutius
868 2329 1023 2422 defigere
1056 2331 1128 2397 ani·

153 2468 274 2530 mum,
306 2457 343 2512 et
372 2443 535 2538 quaedam
560 2445 734 2537 explicare
763 2445 955 2531 vocabula,
978 2471 1058 2540 quae
1088 2447 1123 2513 in

153 2561 218 2630 hac
252 2562 407 2630 scientiae
441 2573 540 2653 parte
571 2559 636 2628 sibi
667 2561 855 2654 peculiaria
887 2588 925 2632 ac
957 2565 1127 2632 solemnia

152 2680 284 2772 Logice
301 2676 467 2746 vindicat.
491 2676 597 2744 Initio
615 2678 720 2768 igitur
737 2678 885 2772 verbum
904 2679 1126 2765 induximus,

153 2793 253 2889 quod
269 2795 388 2887 plures
406 2792 657 2884 complectitur
675 2793 726 2860 rei
740 2785 953 2864 definiendae
970 2799 1129 2891 proprie·

154 2923 259 2993 tates,
279 2911 371 2992 sive,
390 2919 431 2974 ut
447 2905 561 2974 dicam
583 2907 787 2996 aliusmodi,
806 2935 938 3004 genus,
967 2915 1003 2981 in
1027 2915 1127 3008 quod

153 3022 332 3116 adegimus
351 3046 425 3090 rem
443 3021 515 3090 auri
536 3024 680 3090 nomine
699 3026 907 3117 appellatam
925 3053 935 3107 3
963 3041 1022 3112 ut,
1050 3028 1126 3095 solo

131 3139 251 3208 istius
269 3139 406 3231 generis
425 3139 608 3206 enuntiato
627 3140 772 3207 nomine
783 3193 793 3226 ,
812 3141 932 3234 plures
950 3117 1000 3212 rei
1020 3145 1128 3212 inno-

156 3257 288 3323 tuerint
304 3255 537 3348 proprietates
555 3278 593 3323 ac
612 3268 816 3347 potestates.
849 3257 979 3330 Verum
1011 3259 1127 3338 adhuc

152 3371 291 3464 longius
314 3395 418 3465 aequo
446 3371 679 3464 procurrebat
699 3375 914 3467 reliquarum
935 3375 1127 3472 descriptio

152 3489 430 3583 proprietatum,
458 3511 531 3555 rem
562 3487 657 3555 illam
681 3511 699 3556 a
721 3494 858 3560 caeteris
885 3489 1043 3584 ejusdem
1069 3521 1127 3590 ge·

152 3607 247 3674 neris
266 3603 371 3674 rebus
384 3601 684 3688 discernentium
705 3631 811 3700 quam
832 3612 1051 3703 angustiores
1069 3615 1127 3680 in-

153 3736 205 3790 tra
224 3718 311 3790 fines
328 3723 525 3815 coegimus,
541 3747 653 3817 quum
671 3723 774 3794 nobis
787 3728 883 3795 venit
896 3729 931 3796 in
947 3743 1123 3816 mentem,

155 3862 280 3915 aurum
300 3835 462 3913 obtinere
481 3840 600 3912 locum
617 3842 652 3910 in
679 3865 807 3934 genere
827 3847 1004 3938 quodam,
1026 3845 1125 3940 quod
