2738 4532
235 434 403 528 majorem
422 431 529 526 bujus
544 435 595 502 rei
612 435 867 528 proprietatum
886 435 1021 527 copiam
1037 458 1205 531 compre-

235 552 378 641 hendit,
407 553 443 622 id
467 567 520 623 est
544 555 579 620 in
609 577 738 646 genere
764 554 1000 622 metallorum.
1022 553 1075 624 Eo
1091 555 1202 623 semel

234 683 438 764 comperto,
453 694 575 738 aurum
597 692 673 738 esse
691 671 893 756 metallum,
914 695 987 739 uno
1008 671 1121 739 solum
1139 695 1204 740 vo-

233 784 359 854 cabulo
389 787 660 880 complectimur
687 770 797 879 quum
829 789 923 872 ittas,
947 789 1109 882 corporis
1141 811 1206 855 uo-

232 904 328 971 mine
347 916 481 972 notatas
489 957 499 989 ,
519 916 595 971 tum
613 916 783 998 practerea
801 906 927 974 multas
945 906 1202 1000 proprietateS,

234 1043 319 1113 quas
349 1017 461 1088 hocce
487 1043 619 1088 nomen
646 1046 717 1090 non
745 1020 882 1090 valebat
909 1045 1058 1114 capere3
1089 1010 1205 1088 multo

232 1136 337 1228 igitur
354 1134 569 1230 expeditior,
589 1161 626 1205 re
644 1135 846 1206 definienda
863 1139 899 1206 iu
918 1161 1047 1230 genere
1074 1138 1202 1206 metal-

232 1253 365 1336 lorum,
387 1277 491 1346 quam
513 1255 548 1320 iu
567 1277 696 1346 genere
714 1279 904 1348 corporum
931 1253 1123 1347 adscripta,
1143 1253 1203 1322 de·

231 1367 344 1436 linitio
362 1367 521 1438 efficitur.
541 1370 653 1440 Genus
678 1395 785 1464 porro
798 1387 961 1441 remotum
974 1395 1099 1440 vocare
1112 1371 1204 1440 solet

231 1483 361 1580 Logice
379 1510 511 1579 genus,
531 1485 635 1576 cujus
653 1511 783 1556 nomeu
806 1510 934 1581 paucas
952 1483 1203 1554 tantummodo

232 1603 282 1669 rei
308 1599 519 1670 definiendae
546 1603 778 1694 proprietates
804 1601 995 1696 significat,
1027 1627 1066 1670 ac
1097 1623 1203 1692 genus

228 1721 420 1808 prociarum
438 1742 561 1810 genus,
581 1716 680 1808 cujus
694 1721 729 1786 in
743 1721 887 1788 nomine
903 1716 1107 1787 earumdem
1122 1741 1204 1810 pro·

231 1837 418 1928 prietatum
438 1835 585 1902 maxima
603 1858 681 1928 pars
699 1835 832 1904 inclusa
845 1835 1062 1904 continetur.
1081 1832 1205 1903 Genus

233 1965 348 2022 autem
368 1965 565 2036 remotum,
587 1966 646 2020 aut
669 1976 779 2045 genus
803 1951 912 2036 illud,
942 1947 1043 2043 cujus
1070 1974 1201 2020 nomen

128 2071 131 2078 '
231 2091 360 2162 paucas
377 2079 512 2134 tantum
539 2068 590 2135 rei
612 2065 766 2136 declarat
791 2069 1042 2162 proprietates,
1063 2080 1099 2136 et
1125 2090 1203 2134 eam

233 2184 398 2278 oblique,
426 2197 466 2252 ut
491 2185 538 2251 ita
556 2181 670 2252 dicam
679 2237 689 2269 ,
718 2196 754 2251 et
772 2185 870 2276 quasi
889 2208 908 2251 e
927 2183 1124 2276 longinquo
1151 2205 1204 2252 os-

233 2301 369 2386 tendit,
402 2301 520 2368 multis
552 2300 624 2367 aliis
653 2300 819 2368 convenit
849 2298 1047 2392 speciebus.
1082 2297 1203 2368 Genus

234 2421 328 2488 enim
343 2441 530 2511 corporum
545 2469 556 2499 ,
572 2441 602 2485 v.
622 2440 672 2508 g„
688 2440 760 2485 non
780 2439 864 2484 auro
879 2413 1104 2484 solummodo
1119 2439 1203 2484 con-

234 2537 349 2620 venit,
365 2558 486 2604 verum
512 2534 617 2600 etiam
637 2531 822 2624 permultis
845 2532 918 2598 aliis
940 2529 1057 2600 rebus.
1075 2529 1205 2618 Quam·

236 2653 389 2738 obrem,
441 2649 612 2719 accersito
659 2649 751 2714 iuter
793 2644 1036 2714 definiendum
1075 2673 1204 2741 genere

233 2781 396 2852 remoto,
417 2765 592 2834 addantur
610 2787 754 2832 necesse
774 2776 827 2832 est
847 2765 1100 2857 permultarum
1120 2789 1204 2859 pro-

123 2969 131 2980 ·
206 2894 210 2900 “
232 2887 421 2981 prietatum
436 2883 597 2964 nomina,
613 2893 652 2948 ut
665 2882 800 2972 species
813 2880 888 2950 haec
897 2932 907 2964 ,
920 2905 1042 2949 aurum
1053 2882 1201 2968 scilicet,

234 3026 251 3070 a
278 3003 396 3070 multis
419 2997 462 3068 ad
486 2996 581 3066 idem
606 3019 716 3088 genus
740 2994 1000 3088 pertinentibus
1018 2996 1204 3089 speciebus

233 3117 432 3187 seducatur.
467 3110 538 3183 Sed
566 3133 677 3204 genus
711 3111 936 3204 proximum,
972 3125 1032 3180 aut
1065 3135 1201 3204 genua,

234 3233 334 3326 cujus
352 3232 495 3302 nomine
512 3230 692 3322 pleraeque
712 3230 761 3296 rei
779 3231 1012 3322 proprietates
1030 3226 1203 3297 denotau-

235 3363 315 3434 tur,
346 3348 465 3442 paucis
486 3343 677 3414 admodum
702 3345 775 3413 aliis
801 3343 986 3438 speciebus
1015 3347 1200 3430 convenit,

236 3467 318 3560 quia
334 3464 498 3536 videlicet
512 3450 592 3530 'non
617 3474 669 3530 tot
690 3485 765 3547 res,
792 3461 921 3555 quibus
947 3462 1201 3556 permultarum

234 3583 488 3678 proprietatum
506 3581 550 3648 sit
566 3579 821 3663 communitas,
843 3592 931 3671 quot
949 3601 1004 3646 res
1022 3577 1142 3671 paucis
1160 3602 1204 3647 ex

234 3697 392 3793 partibus
421 3699 514 3766 inter
543 3720 580 3766 se
607 3708 864 3788 congruentes,
897 3693 1067 3764 invenias.
1103 3693 1203 3779 Quo-

236 3818 347 3903 circa,
368 3837 477 3910 quum
504 3810 663 3884 definitio
686 3810 725 3882 [it
750 3836 813 3905 per
843 3834 952 3904 genus
977 3813 1199 3909 proximum,
