2738 4532
227 333 332 448 nn
407 330 978 451 unrrurrroua.

511 1105 636 1159 Definitio
658 1105 730 1174 qrtasi
754 1104 899 1158 involutum
923 1102 1022 1156 evolvit
1043 1103 1092 1168 id,

479 1191 512 1244 de
526 1208 578 1260 quo
592 1190 727 1258 quaeritur.
743 1190 804 1244 Crc.
823 1195 891 1257 Top.
901 1205 927 1257 9.

509 1274 634 1326 Delinitio
654 1289 695 1328 est
721 1291 809 1328 earum
831 1291 932 1338 rernm,
952 1291 1009 1342 quaa
1029 1288 1091 1326 sant

484 1361 541 1430 ejus
556 1361 592 1412 rai
610 1361 733 1430 proprie,
744 1378 820 1428 qnam
836 1359 944 1412 delinire
954 1359 1093 1425 volumus,

482 1442 566 1498 brevis
575 1459 600 1499 et
610 1445 808 1514 circumscripta
816 1441 933 1513 quedam
943 1443 1092 1512 explicatioe

705 1569 765 1623 Cre.
783 1567 816 1621 de
827 1568 904 1622 Orat.
917 1569 948 1632 l,
968 1573 1023 1636 189.

158 1937 330 2017 Cosmus
360 1933 581 2029 pedetentim
611 1933 746 2021 rebus,
782 1959 959 2006 summum
994 1947 1088 2008 esset

109 2054 330 2148 periculum,
350 2075 394 2120 ne
417 2053 561 2146 singulae
579 2053 761 2145 protinus,
787 2065 911 2146 utpote
933 2052 1008 2122 fere
1031 2054 1088 2121 in·

109 2166 369 2253 numerabiles,
390 2191 409 2236 e
433 2169 603 2236 memoria
621 2167 868 2250 elaberentur,
895 2170 960 2238 nisi
983 2167 1088 2238 nobis

108 2283 231 2354 luisset
252 2307 458 2354 concessum
480 2283 663 2378 quomodo
679 2285 821 2379 fugaces
839 2285 1087 2373 inhibeamus,

109 2404 176 2470 nisi
192 2400 356 2471 videlicet
373 2400 539 2470 omnibus
561 2403 829 2471 innotescerent
845 2427 967 2496 paucae
986 2427 1088 2498 quae-

109 2517 190 2588 dam
213 2532 249 2588 et
272 2519 449 2612 simplices
470 2516 663 2586 admodum
682 2531 797 2604 notae,
819 2542 905 2613 quas
922 2519 1086 2588 facillime

108 2637 279 2720 retineas,
305 2659 386 2730 quae
416 2635 545 2727 quein
572 2635 727 2703 animum
750 2633 923 2703 reducant
945 2639 1085 2719 omnia,

111 2754 271 2848 quamvis
289 2777 385 2820 nunc
405 2751 520 2820 absint
537 2751 641 2842 longe
660 2752 838 2842 gentium,
859 2775 1086 2846 quaecunque

109 2868 356 2940 observatione
374 2859 586 2960 perceperis.
608 2863 695 2952 Quae
710 2865 857 2961 quidem
876 2881 994 2951 notae,
1014 2870 1085 2938 sive

108 2987 174 3076 Dei
191 2983 389 3068 beneficio,
408 2983 478 3051 sive
500 2981 574 3052 sola
599 2981 752 3051 hominis
778 2981 949 3052 industria
967 2983 1087 3052 inven-

108 3117 175 3186 tae,
203 3125 326 3194 reapse
353 3099 455 3169 nobis
481 3097 587 3168 hodie
611 3112 740 3191 praesto
763 3113 868 3180 sunt;
898 3101 956 3166 illa
981 3102 1085 3169 velim

107 3218 300 3310 intelligas,
321 3239 401 3309 quae
428 3212 535 3283 rebus
553 3238 572 3284 a
595 3213 699 3283 nobis
718 3214 978 3311 quoquomodo
1004 3240 1086 3311 per-

107 3333 238 3428 spectis
256 3333 493 3424 imponimus,
514 3328 696 3418 vocabula.

157 3450 227 3519 Ista
261 3461 377 3516 autem
418 3447 586 3531 nomina,
620 3470 700 3540 quae
733 3445 979 3519 observatione
1010 3453 1088 3520 ani-

110 3564 290 3636 madversa
318 3559 533 3657 significant,
562 3587 639 3632 non
668 3563 781 3632 solum
815 3563 885 3634 hoc
921 3581 1089 3660 praestant

110 3679 211 3775 quod
229 3683 435 3750 memoriam
450 3677 570 3769 juvant
584 3681 711 3748 mirum
727 3681 763 3748 in
779 3679 925 3750 modum
938 3735 949 3768 ,
963 3707 1087 3753 verum

111 3800 215 3872 etiam
256 3795 299 3869 ad
333 3797 585 3894 cogitationum
622 3796 897 3892 patefactionem
932 3799 1086 3874 maxime
