2738 4532
636 326 830 395 *lg-⁸¹⁵

242 461 355 554 iorem
381 461 570 533 verborum
600 465 668 531 vim
697 461 848 532 adducat
871 459 916 529 ad
940 455 1113 529 notandas
1140 479 1228 553 pro·-

248 582 445 675 prietates,
483 577 612 673 quibus
645 577 722 646 haec
753 601 808 646 res
843 600 862 645 a
896 578 1031 646 caeteris
1064 573 1226 668 ejusdem

247 697 384 787 generis
409 694 515 764 rebus
542 692 781 786 dignoscatur.
809 689 984 762 Caeterum
1010 717 1115 778 vero,
1138 691 1229 760 mihi

247 835 320 880 non
350 814 491 905 liquere
524 808 657 893 fateor,
688 833 840 902 quanam
869 823 1036 904 exparte
1065 808 1142 894 haec
1163 833 1232 902 per

248 951 358 1024 genus
400 939 578 995 remotum
617 923 797 996 definitio
820 949 937 995 ansam
979 924 1136 1020 praebeat
1182 923 1230 993 ad

250 1042 603 1139 reprehendendum.
637 1043 806 1129 Quinimo
836 1045 935 1112 istius
965 1043 1063 1112 modi
1097 1041 1228 1112 delini-

248 1165 364 1230 tiones
409 1159 560 1229 subinde
604 1173 852 1254 proponantur
889 1173 1065 1254 oportet,
1116 1183 1227 1253 quum

246 1277 412 1348 videlicet
428 1279 480 1362 is,
503 1276 597 1371 apud
611 1299 719 1369 quem
734 1275 841 1345 verba
854 1275 1021 1360 facimus,
1046 1276 1149 1369 plane
1164 1277 1231 1344 scit

248 1408 285 1463 ct
313 1392 424 1487 probe
451 1416 547 1461 nunc
567 1393 684 1460 aniruo
704 1405 804 1460 tenet
821 1417 946 1462 omnes
972 1385 1229 1487 proprietateS,

250 1531 329 1606 quae
348 1509 412 1579 sub
437 1509 574 1602 generis
600 1508 727 1576 remoti
753 1532 884 1576 nomen
907 1509 1132 1594 coalescunt,
1152 1531 1230 1577 nes·

250 1631 440 1698 citantem
470 1638 529 1692 aut
554 1647 651 1691 nunc
677 1647 749 1692 non
778 1615 898 1692 mente
925 1626 1059 1718 colligit
1078 1645 1227 1706 omnm,

250 1767 338 1839 quas
362 1741 614 1834 complectitur
641 1741 781 1832 generis
806 1740 956 1831 proximi
975 1763 1127 1826 nomen,
1146 1765 1234 1835 pro·
1299 1779 1301 1787 ι

251 1863 430 1954 prietates.
463 1857 612 1927 Evenire
639 1858 733 1924 enim
758 1869 898 1949 potest,
927 1879 957 1925 v.
988 1880 1047 1949 g.,
1080 1870 1117 1924 nt
1142 1856 1229 1942 tibi,

252 1975 341 2070 quid
355 1977 434 2044 ouri
448 1997 579 2043 nomen
593 1973 705 2042 valeat
715 2025 725 2058 ,
743 1997 859 2042 coram
875 1971 1040 2059 homine,
1057 1974 1119 2068 qui
1134 1988 1232 2042 recte

251 2094 423 2185 intelligat
444 2090 532 2183 quid
546 2111 694 2183 corpus,
710 2088 800 2156 male
816 2101 931 2157 autem
948 2088 1036 2183 quid
1049 2091 1231 2161 metallum

253 2223 374 2290 sonet,
387 2203 631 2277 deliniendum
646 2207 710 2287 sit;
728 2219 786 2272 aut
800 2205 864 2274 tibi
879 2201 1127 2291 indicandum,
1144 2208 1235 2301 quid

253 2326 441 2398 subternis
465 2323 609 2390 nomine
637 2322 764 2405 lateat,
789 2318 945 2406 homini,
971 2325 1054 2416 qui,
1083 2322 1171 2416 quid
1188 2327 1235 2393 sit

254 2443 403 2523 animal,
428 2441 585 2533 apprime
611 2439 725 2522 norit,
753 2436 842 2529 quid
866 2462 949 2508 vero
977 2462 1084 2527 genus
1114 2439 1233 2533 felium

254 2560 394 2654 Physici
410 2557 604 2650 appellent,
623 2577 767 2647 prorsus
780 2554 901 2624 inscio.
921 2555 1112 2648 Perspicue
1127 2557 1234 2649 igitur

253 2689 372 2774 patet,
404 2687 463 2759 te,
490 2674 518 2742 si
550 2684 623 2740 tum
651 2693 716 2764 per
748 2693 858 2764 genus
886 2671 1085 2762 proximum
1111 2672 1237 2742 defini-

256 2798 391 2865 tionem
417 2788 537 2875 dabis,
565 2788 745 2858 brevitatis
763 2785 955 2880 cupidum,
975 2810 993 2855 a
1009 2811 1092 2856 vero
1111 2787 1235 2858 defini-

184 2929 185 2932 ’
257 2910 363 2980 tionis
392 2905 598 2999 proposito,
626 2904 821 2972 claritatem
852 2904 1040 2999 intelligo,
1076 2904 1236 2975 declina-

257 3046 389 3100 turum.

305 3149 385 3219 Non
409 3147 525 3214 minus
543 3143 701 3238 denique
727 3155 864 3212 certum
892 3141 1073 3229 arbitror,
1091 3145 1127 3227 in
1149 3141 1235 3211 deli·

256 3267 392 3335 nitione
418 3285 482 3357 per
499 3283 610 3354 genus
620 3311 630 3343 ,
658 3261 826 3352 proximae
855 3281 918 3327 seu
950 3263 1054 3329 unius
1080 3283 1162 3330 vere
1184 3263 1236 3329 rei

254 3382 408 3479 propriae
433 3376 643 3446 differentiae
661 3375 760 3459 loeo,
782 3373 943 3443 adhiberi
966 3398 1069 3467 posse
1088 3379 1232 3470 plures,

257 3521 338 3594 quae
363 3494 562 3588 singillatim
589 3515 660 3560 non
688 3504 757 3558 tam
784 3489 970 3576 distincte,
995 3505 1130 3560 atvero
1152 3515 1237 3560 con·

255 3615 405 3708 junctim
439 3633 508 3679 non
542 3610 659 3676 minus
689 3605 866 3692 dilucide,
901 3631 1006 3702 quam
1038 3605 1237 3677 differentia

257 3733 440 3826 proxima,
473 3751 548 3796 rem
579 3723 818 3794 definiendam
850 3748 868 3792 a
903 3725 1039 3792 caeteris
1075 3723 1233 3815 ejusdem

258 3849 395 3944 generis
415 3844 521 3916 rebus
539 3857 713 3936 separant.
738 3840 774 3918 Si
802 3863 925 3912 aurum
951 3863 1026 3912 esse
1056 3841 1236 3913 metallum
