2738 4532
554 285 745 354 ...13-

163 422 346 493 nominum
360 439 550 513 paucarum
570 422 825 514 proprietatum
841 438 930 514 opus
949 431 1001 488 est
1019 441 1133 509 aco-es-

162 540 282 625 sione,
314 552 357 607 ut
386 561 441 607 res
470 551 673 632 segregetur
695 561 713 605 a
739 537 858 631 paucis
884 537 1069 630 speciebus
1098 541 1134 607 in

160 653 253 725 idem
274 678 384 749 genus
403 667 509 748 atque
528 653 587 721 itta
605 651 826 722 cadentibus.

206 773 361 842 Proximi
379 784 497 839 autem
516 770 620 863 potiti
646 771 802 862 generis,
830 767 868 838 id
888 781 943 838 est
967 772 1129 863 generis,

158 887 260 978 cujus
284 889 418 956 nomini
441 884 605 955 subditur
623 887 773 953 maxima
797 886 847 954 rei
875 886 1131 979 proprietatum

159 1006 278 1099 copia,
293 1003 329 1072 id
344 1016 398 1072 est
416 1002 521 1072 etiam
540 1003 696 1095 generis,
713 1001 813 1096 quod
831 1003 904 1071 aliis
919 1021 1024 1096 quam
1044 999 1147 1098 pau?

160 1122 304 1190 cissimis
326 1117 513 1214 speciebus
540 1119 720 1202 convenit,
750 1143 808 1203 an,
834 1121 920 1213 quin
943 1121 1034 1188 ultra
1060 1133 1135 1188 ten·

158 1236 304 1322 damus,
331 1227 567 1329 impedimur,
591 1247 627 1302 et
653 1234 697 1303 ad
715 1250 907 1306 extremam
925 1235 1133 1306 brevitatem

158 1351 318 1450 definitio
337 1351 508 1446 perducta
527 1351 603 1420 estt
629 1351 795 1421 Nondum
814 1351 994 1448 equidem.
1013 1349 1132 1438 Quum

157 1472 266 1555 enim,
288 1483 328 1538 ut
346 1469 507 1563 superius
521 1465 713 1536 adductum
733 1471 932 1563 exemplum
953 1481 1132 1562 repetam,

159 1611 281 1656 aurum
296 1588 481 1656 retulimus
495 1583 539 1654 ad
556 1607 658 1654 suum
677 1609 788 1678 genus
806 1590 1029 1681 proximum,
1057 1619 1134 1664 me-

158 1706 318 1774 tallorum
336 1705 471 1774 scilicet
484 1752 495 1786 ,
508 1701 611 1772 nobis
626 1699 741 1772 adbuc
752 1701 998 1776 describendae
1012 1733 1134 1804 super·

157 1833 239 1889 sunt
255 1823 507 1916 proprietates,
528 1817 658 1914 quibus
681 1843 722 1888 ea
747 1843 802 1890 res
831 1845 848 1888 a
870 1826 1005 1894 cacteris
1026 1828 1131 1898 rebus

156 1934 402 2028 distinguitur,
422 1959 503 2029 quae
534 1959 615 2004 cum
642 1938 743 2004 eain
770 1961 881 2030 genus
907 1944 1129 2014 metallorum

158 2053 383 2120 conveniunt.
416 2052 506 2119 Fieri
529 2074 635 2144 porro
654 2065 789 2145 potest,
810 2069 849 2123 ut
869 2051 944 2126 haeo
967 2063 1129 2154 proprie-

158 2179 266 2234 tatum
289 2168 510 2235 enumeratio
529 2166 603 2236 suse
623 2167 765 2262 lateque
789 2172 981 2243 etiamnum
997 2174 1131 2248 edisse-

155 2296 273 2368 ratur,
303 2295 338 2351 et
366 2259 525 2377 buaerere
551 2308 669 2378 operae
693 2287 845 2379 pretium
874 2304 927 2359 est
946 2295 1130 2385 quomodo

156 2425 261 2498 quam
280 2399 484 2470 brevissime
500 2400 753 2496 huncquoque
772 2429 898 2476 novam
914 2406 1129 2486 definitionis

153 2533 290 2614 partem
321 2519 424 2588 liceat
459 2516 651 2590 absolvere.
688 2520 758 2590 Res
784 2524 832 2591 ita
862 2527 1016 2619 primum
1052 2556 1128 2602 sese

153 2650 273 2728 posset
314 2633 445 2706 habere
476 2661 485 2704 :
514 2660 637 2706 aarum
671 2653 720 2719 cst
762 2641 933 2711 metallum
973 2645 1129 2737 slavum,

151 2755 407 2835 densissimum,
432 2754 656 2843 corruptionis
676 2751 748 2844 fere
772 2755 1127 2848 impoticnmitr'dic-

151 2870 303 2950 simum,
335 2872 423 2964 quod
452 2891 542 2964 aquo
572 2871 685 2960 reguli
712 2872 911 2943 dissolutum
936 2882 1129 2966 permistio-

151 3008 225 3055 nem
251 2989 431 3081 quamdam
461 2985 567 3082 (quae
584 2991 757 3058 nominari
777 3015 815 3059 ac
842 2990 995 3064 describi
1016 2996 1128 3070 debe-

151 3103 230 3199 ret)
262 3105 465 3197 proecipitcm
493 3105 596 3192 ogit,
627 3118 687 3174 ete.
724 3103 768 3174 At
796 3107 823 3175 si
850 3131 935 3177 auro
965 3114 1125 3206 quaedam

150 3221 281 3288 inesset
309 3220 523 3314 proprietas,
546 3220 676 3312 slavos,
695 3245 728 3290 r.
758 3244 816 3314 g.,
847 3214 953 3306 color,
971 3251 1042 3322 qua
1058 3232 1128 3303 dif.

149 3335 259 3406 ferret
278 3360 295 3403 a
312 3337 447 3406 caeteris
465 3336 540 3417 sine
568 3337 638 3405 ulla
664 3341 874 3433 exceptione
900 3347 1074 3436 metaliis,
1097 3356 1126 3423 is

148 3454 281 3524 faceret
298 3455 463 3522 nimirum
479 3455 581 3538 satis,
602 3457 664 3547 qui
679 3454 836 3526 colorem
855 3457 952 3529 hunc
962 3514 973 3547 ,
989 3469 1126 3540 omissis

149 3569 314 3640 omnibus
332 3571 406 3638 aliis
419 3594 504 3638 auro
519 3571 776 3665 peculiaribuS,
792 3578 1004 3650 enuntiaret.
1024 3582 1124 3656 Sum·

149 3713 205 3758 ma
238 3688 343 3782 igitur
371 3687 522 3758 brevitas
555 3689 752 3784 parabitur
773 3691 869 3762 hunc
904 3695 940 3764 in
975 3700 1122 3774 modum

149 3803 357 3879 definienti:
376 3829 497 3878 ottrtrm
517 3821 564 3879 cst
582 3808 751 3879 marottam
768 3809 907 3902 flocum.
938 3811 1024 3902 Quae
1043 3825 1125 3914 qui.
